%% This BibTeX bibliography file was created using BibDesk.
%% http://bibdesk.sourceforge.net/


%% Created for Michael Frank at 2015-02-12 09:03:14 -0800 


%% Saved with string encoding Unicode (UTF-8) 


@preamble{"\newcommand{\noopsort}[1]{} " #
   "\newcommand{\printfirst}[2]{#1} " #
   "\newcommand{\singleletter}[1]{#1} " #
   "\newcommand{\switchargs}[2]{#2#1} "}


@string{acm = {The OX Association for Computing Machinery}}

@string{stoc = {Symposium on the Theory of Computing}}

@string{stoc-key = {OX{\singleletter{stoc}}}}


@article{santos1999,
	Author = {Santos, J Reynaldo A},
	Date-Added = {2015-02-12 16:28:52 +0000},
	Date-Modified = {2015-02-12 16:28:57 +0000},
	Journal = {Journal of extension},
	Number = {2},
	Pages = {1--5},
	Title = {Cronbachs alpha: A tool for assessing the reliability of scales},
	Volume = {37},
	Year = {1999}}

@article{tallal1996,
	Author = {Tallal, Paula and Miller, Steve L and Bedi, Gail and Byma, Gary and Wang, Xiaoqin and Nagarajan, Srikantan S and Schreiner, Christoph and Jenkins, William M and Merzenich, Michael M},
	Date-Added = {2015-02-11 20:34:29 +0000},
	Date-Modified = {2015-02-11 20:34:30 +0000},
	Journal = {Science},
	Number = {5245},
	Pages = {81--84},
	Publisher = {American Association for the Advancement of Science},
	Title = {Language comprehension in language-learning impaired children improved with acoustically modified speech},
	Volume = {271},
	Year = {1996}}

@article{holloway2008,
	Author = {Holloway, Ian D and Ansari, Daniel},
	Date-Added = {2015-02-11 20:34:19 +0000},
	Date-Modified = {2015-02-11 20:34:30 +0000},
	Journal = {Developmental Science},
	Number = {5},
	Pages = {644--649},
	Publisher = {Wiley Online Library},
	Title = {Domain-specific and domain-general changes in children's development of number comparison},
	Volume = {11},
	Year = {2008}}

@article{sage2015,
	Author = {Sage, Kara D and Baldwin, Dare},
	Date-Added = {2015-02-11 20:33:17 +0000},
	Date-Modified = {2015-02-11 20:34:30 +0000},
	Journal = {Journal of Research in Childhood Education},
	Number = {1},
	Pages = {90--114},
	Publisher = {Taylor \& Francis},
	Title = {Childrens Use of Self-Paced Slideshows: An Extension of the Video Deficit Effect?},
	Volume = {29},
	Year = {2015}}

@article{friend2012,
	Author = {Friend, Margaret and Schmitt, Sara A and Simpson, Adrianne M},
	Date-Added = {2015-02-11 20:31:31 +0000},
	Date-Modified = {2015-02-11 20:31:33 +0000},
	Journal = {Developmental psychology},
	Number = {1},
	Pages = {136},
	Publisher = {American Psychological Association},
	Title = {Evaluating the predictive validity of the Computerized Comprehension Task: Comprehension predicts production.},
	Volume = {48},
	Year = {2012}}

@article{friend2008,
	Author = {Friend, Margaret and Keplinger, Melanie},
	Date-Added = {2015-02-11 20:31:23 +0000},
	Date-Modified = {2015-02-11 20:31:33 +0000},
	Journal = {Journal of child language},
	Number = {01},
	Pages = {77--98},
	Publisher = {Cambridge Univ Press},
	Title = {Reliability and validity of the Computerized Comprehension Task (CCT): data from American English and Mexican Spanish infants},
	Volume = {35},
	Year = {2008}}

@article{friend2003,
	Author = {Friend, Margaret and Keplinger, Melanie},
	Date-Added = {2015-02-11 20:31:19 +0000},
	Date-Modified = {2015-02-11 20:31:33 +0000},
	Journal = {Behavior Research Methods, Instruments, \& Computers},
	Number = {2},
	Pages = {302--309},
	Publisher = {Springer},
	Title = {An infant-based assessment of early lexicon acquisition},
	Volume = {35},
	Year = {2003}}

@book{dunn2007,
	Author = {Dunn, Lloyd M and Dunn, Douglas M},
	Date-Added = {2014-12-15 23:03:28 +0000},
	Date-Modified = {2014-12-15 23:03:32 +0000},
	Title = {PPVT-4: Peabody picture vocabulary test},
	Year = {2007}}

@book{wiig2004,
	Author = {Wiig, Elisabeth H and Secord, Wayne and Semel, Eleanor Messing},
	Date-Added = {2014-12-15 23:03:10 +0000},
	Date-Modified = {2014-12-15 23:03:32 +0000},
	Publisher = {Pearson/PsychCorp},
	Title = {CELF Preschool 2: Clinical Evaluation of Language Fundamentals Preschool},
	Year = {2004}}

@article{wechsler2008,
	Author = {Wechsler, David},
	Date-Added = {2014-12-15 23:01:52 +0000},
	Date-Modified = {2014-12-15 23:01:54 +0000},
	Journal = {San Antonio, TX: NCS Pearson},
	Title = {Wechsler adult intelligence scale--Fourth Edition (WAIS--IV)},
	Year = {2008}}

@article{bartko1976,
	Author = {Bartko, John J},
	Date-Added = {2014-08-01 18:14:44 +0000},
	Date-Modified = {2014-08-01 19:23:37 +0000},
	Journal = {Psychological Bulletin},
	Number = {5},
	Pages = {762},
	Publisher = {American Psychological Association},
	Title = {On various intraclass correlation reliability coefficients},
	Volume = {83},
	Year = {1976}}

@article{deligianni2011,
	Author = {Deligianni, Fani and Senju, Atsushi and Gergely, Gy{\"o}rgy and Csibra, Gergely},
	Date-Added = {2014-08-01 17:22:51 +0000},
	Date-Modified = {2014-08-01 19:25:22 +0000},
	Journal = {Developmental Psychology},
	Number = {6},
	Pages = {1499},
	Publisher = {American Psychological Association},
	Title = {Automated gaze-contingent objects elicit orientation following in 8-month-old infants.},
	Volume = {47},
	Year = {2011}}

@article{radich2013,
	Author = {Radich, Judy},
	Date-Added = {2014-08-01 17:18:57 +0000},
	Date-Modified = {2014-08-01 17:18:57 +0000},
	Journal = {Every Child},
	Number = {4},
	Pages = {18},
	Publisher = {Early Childhood Australia Inc.},
	Title = {Technology and interactive media as tools in early childhood programs serving children from birth through age 8},
	Volume = {19},
	Year = {2013}}

@article{cristiainpress,
	Author = {Cristia, Alejandrina and Seidl, Amanda},
	Date-Added = {2014-08-01 17:18:52 +0000},
	Date-Modified = {2014-08-01 19:25:14 +0000},
	Title = {Touchscreen use in early childhood: Parental reports, observations, and brief intervention},
	Year = {under review}}

@incollection{shuler2012,
	Address = {New York},
	Author = {Shuler, Carly and Levine, Zachary and Ree, Jinny},
	Date-Added = {2014-08-01 17:18:48 +0000},
	Date-Modified = {2014-08-01 19:28:52 +0000},
	Publisher = {The Joan Ganz Cooney Center at Sesame Workshop},
	Title = {{iLearn II: An analysis of the education category of Apples app store}},
	Year = {2012}}

@incollection{fernald2008,
	Address = {Amsterdam, Netherlands},
	Author = {Fernald, Anne and Zangl, Renate and Portillo, Ana Luz and Marchman, Virginia A},
	Booktitle = {Developmental psycholinguistics: On-line methods in children's language processing},
	Date-Added = {2014-07-29 22:34:29 +0000},
	Date-Modified = {2014-08-01 19:27:03 +0000},
	Editor = {Sekerina, I. A. and Fern{\'a}ndez, E. M. and Clahsen, H.},
	Pages = {113--132},
	Publisher = {John Benjamins Publishing Co},
	Title = {Looking while listening: Using eye movements to monitor spoken language},
	Year = {2008}}

@book{fenson2007,
	Author = {Fenson, Larry and Bates, Elizabeth and Dale, Philip S and Marchman, Virginia A and Reznick, J Steven and Thal, Donna J},
	Date-Added = {2014-07-29 22:33:26 +0000},
	Date-Modified = {2014-08-01 19:25:50 +0000},
	Publisher = {Paul H. Brookes Publishing Company},
	Title = {{MacArthur-Bates Communicative Development Inventories: User's Guide and Technical Manual}},
	Year = {2007}}

@article{diesendruck2001,
	Author = {Diesendruck, Gil and Markson, Lori},
	Date-Added = {2014-07-29 22:31:37 +0000},
	Date-Modified = {2014-08-01 19:25:30 +0000},
	Journal = {Developmental Psychology},
	Number = {5},
	Pages = {630},
	Publisher = {American Psychological Association},
	Title = {Children's avoidance of lexical overlap: a pragmatic account.},
	Volume = {37},
	Year = {2001}}

@article{bion2013,
	Author = {Bion, Ricardo AH and Borovsky, Arielle and Fernald, Anne},
	Date-Added = {2014-07-29 22:31:08 +0000},
	Date-Modified = {2014-08-01 19:24:14 +0000},
	Journal = {Cognition},
	Number = {1},
	Pages = {39--53},
	Publisher = {Elsevier},
	Title = {Fast mapping, slow learning: Disambiguation of novel word--object mappings in relation to vocabulary learning at 18, 24, and 30 months},
	Volume = {126},
	Year = {2013}}

@article{fernald2006,
	Author = {Fernald, Anne and Perfors, Amy and Marchman, Virginia A},
	Date-Added = {2014-07-29 22:30:59 +0000},
	Date-Modified = {2014-08-01 19:26:03 +0000},
	Journal = {Developmental Psychology},
	Number = {1},
	Pages = {98},
	Publisher = {American Psychological Association},
	Title = {Picking up speed in understanding: Speech processing efficiency and vocabulary growth across the 2nd year.},
	Volume = {42},
	Year = {2006}}

@article{swingley2002,
	Author = {Swingley, Daniel and Fernald, Anne},
	Date-Added = {2014-07-29 22:30:58 +0000},
	Date-Modified = {2014-07-29 22:31:10 +0000},
	Journal = {Journal of Memory and Language},
	Number = {1},
	Pages = {39--56},
	Publisher = {Elsevier},
	Title = {Recognition of words referring to present and absent objects by 24-month-olds},
	Volume = {46},
	Year = {2002}}

@article{paolacci2010,
	Author = {Paolacci, Gabriele and Chandler, Jesse and Ipeirotis, Panagiotis G},
	Date-Added = {2014-07-29 20:00:19 +0000},
	Date-Modified = {2014-08-01 19:28:06 +0000},
	Journal = {Judgment and Decision Making},
	Number = {5},
	Pages = {411--419},
	Title = {Running experiments on Amazon Mechanical Turk},
	Volume = {5},
	Year = {2010}}

@article{sternberg1969,
	Author = {Sternberg, Saul},
	Date-Added = {2014-07-29 18:31:30 +0000},
	Date-Modified = {2014-08-01 19:29:12 +0000},
	Journal = {American Scientist},
	Pages = {421--457},
	Publisher = {JSTOR},
	Title = {Memory-scanning: Mental processes revealed by reaction-time experiments},
	Year = {1969}}

@article{marchman2008,
	Author = {Marchman, Virginia A and Fernald, Anne},
	Date-Added = {2014-07-29 18:30:32 +0000},
	Date-Modified = {2014-07-29 18:30:35 +0000},
	Journal = {Developmental science},
	Number = {3},
	Pages = {F9--F16},
	Publisher = {Wiley Online Library},
	Title = {Speed of word recognition and vocabulary knowledge in infancy predict cognitive and language outcomes in later childhood},
	Volume = {11},
	Year = {2008}}

@article{aslin2007,
	Author = {Aslin, Richard N},
	Date-Added = {2014-07-29 18:25:02 +0000},
	Date-Modified = {2014-07-29 18:25:04 +0000},
	Journal = {Developmental Science},
	Number = {1},
	Pages = {48--53},
	Publisher = {Wiley Online Library},
	Title = {What's in a look?},
	Volume = {10},
	Year = {2007}}

@article{gredeback2009,
	Author = {Gredeb{\"a}ck, Gustaf and Johnson, Scott and von Hofsten, Claes},
	Date-Added = {2014-07-29 18:24:29 +0000},
	Date-Modified = {2014-08-01 19:27:39 +0000},
	Journal = {Developmental Neuropsychology},
	Number = {1},
	Pages = {1--19},
	Publisher = {Taylor \& Francis},
	Title = {Eye tracking in infancy research},
	Volume = {35},
	Year = {2009}}

@webpage{frankblogpost,
	Author = {Frank, M. C.},
	Date-Added = {2014-07-29 18:01:38 +0000},
	Date-Modified = {2014-08-02 04:07:01 +0000},
	Title = {{iPad experiments for toddlers}},
	Url = {http://babieslearninglanguage.blogspot.com/2013/09/\\ipad-experiments-for-toddlers.html},
	Urldate = {2013},
	Year = {2013},
	Bdsk-Url-1 = {http://babieslearninglanguage.blogspot.com/2013/09/ipad-experiments-for-toddlers.html}}

@article{zosh2013,
	Author = {Zosh, Jennifer M and Hirsh-Pasek, Kathy and Golinkoff, Roberta Michnick and Gray, Jim and Robb, Michael and Kaufman, Jordy},
	Date-Added = {2014-07-29 17:56:34 +0000},
	Date-Modified = {2014-07-29 17:56:34 +0000},
	Title = {Harnessing the science of learning to promote real educational apps: A proposed contribution for Psychological Science in the Public Interest},
	Year = {2013}}

@article{zimmerman2007,
	Author = {Zimmerman, Frederick J and Christakis, Dimitri A and Meltzoff, Andrew N},
	Date-Added = {2014-07-29 17:56:34 +0000},
	Date-Modified = {2014-07-29 17:56:34 +0000},
	Journal = {The Journal of pediatrics},
	Number = {4},
	Pages = {364--368},
	Publisher = {Elsevier},
	Title = {Associations between media viewing and language development in children under age 2 years},
	Volume = {151},
	Year = {2007}}

@article{zack2009,
	Author = {Zack, Elizabeth and Barr, Rachel and Gerhardstein, Peter and Dickerson, Kelly and Meltzoff, Andrew N},
	Date-Added = {2014-07-29 17:56:34 +0000},
	Date-Modified = {2014-07-29 17:56:34 +0000},
	Journal = {British Journal of Developmental Psychology},
	Number = {1},
	Pages = {13--26},
	Publisher = {Wiley Online Library},
	Title = {Infant imitation from television using novel touch screen technology},
	Volume = {27},
	Year = {2009}}

@article{waddington2014,
	Author = {Waddington, Hannah and Sigafoos, Jeff and Lancioni, Giulio E and OReilly, Mark F and van der Meer, Larah and Carnett, Amarie and Stevens, Michelle and Roche, Laura and Hodis, Flaviu and Green, Vanessa A and ... and Marschik, Peter B},
	Date-Added = {2014-07-29 17:56:34 +0000},
	Date-Modified = {2014-08-02 04:08:41 +0000},
	Journal = {International Journal of Developmental Neuroscience},
	Publisher = {Elsevier},
	Title = {Three children with autism spectrum disorder learn to perform a three-step communication sequence using an i{P}ad-based speech-generating device},
	Year = {2014}}

@article{van2013teaching,
	Author = {van der Meer, Larah and Kagohara, Debora and Roche, Laura and Sutherland, Dean and Balandin, Susan and Green, Vanessa A and O'Reilly, Mark F and Lancioni, Giulio E and Marschik, Peter B and Sigafoos, Jeff},
	Date-Added = {2014-07-29 17:56:34 +0000},
	Date-Modified = {2014-07-29 17:56:34 +0000},
	Journal = {Augmentative and Alternative Communication},
	Number = {3},
	Pages = {222--234},
	Publisher = {Informa Healthcare Stockholm},
	Title = {Teaching multi-step requesting and social communication to two children with autism spectrum disorders with three AAC options},
	Volume = {29},
	Year = {2013}}

@webpage{rvachew2013,
	Author = {Susan Rvachew},
	Date-Added = {2014-07-29 17:56:34 +0000},
	Date-Modified = {2014-08-02 03:56:40 +0000},
	Month = {March},
	Title = {Are Baby Videos Bad for Babies?},
	Url = {http://digitalmediaprojectforchildren.wordpress.com/2013/\\09/22/are-baby-videos-bad-for-babies/},
	Year = {2014},
	Bdsk-Url-1 = {http://digitalmediaprojectforchildren.wordpress.com/2013/09/22/are-baby-videos-bad-for-babies/}}

@article{roseberry2014,
	Author = {Roseberry, Sarah and Hirsh-Pasek, Kathy and Golinkoff, Roberta M},
	Date-Added = {2014-07-29 17:56:34 +0000},
	Date-Modified = {2014-08-01 19:28:20 +0000},
	Journal = {Child development},
	Number = {3},
	Pages = {956--970},
	Publisher = {Wiley Online Library},
	Title = {{Skype me! Socially contingent interactions help toddlers learn language}},
	Volume = {85},
	Year = {2014}}

@article{rideout2014,
	Author = {Rideout, Victoria},
	Date-Added = {2014-07-29 17:56:34 +0000},
	Date-Modified = {2014-07-29 17:56:34 +0000},
	Journal = {New York: The Joan Ganz Cooney Center at Sesame Workshop},
	Title = {Learning at home: {F}amilies' educational media use in {A}merica},
	Year = {2014}}

@article{parish2013,
	Author = {Parish-Morris, Julia and Mahajan, Neha and Hirsh-Pasek, Kathy and Golinkoff, Roberta Michnick and Collins, Molly Fuller},
	Date-Added = {2014-07-29 17:56:34 +0000},
	Date-Modified = {2014-07-29 17:56:34 +0000},
	Journal = {Mind, Brain, and Education},
	Number = {3},
	Pages = {200--211},
	Publisher = {Wiley Online Library},
	Title = {Once upon a time: parent--child dialogue and storybook reading in the electronic era},
	Volume = {7},
	Year = {2013}}

@article{mumme2003,
	Author = {Mumme, Donna L and Fernald, Anne},
	Date-Added = {2014-07-29 17:56:34 +0000},
	Date-Modified = {2014-07-29 17:56:34 +0000},
	Journal = {Child development},
	Number = {1},
	Pages = {221--237},
	Publisher = {Wiley Online Library},
	Title = {The infant as onlooker: Learning from emotional reactions observed in a television scenario},
	Volume = {74},
	Year = {2003}}

@article{kuhl2003,
	Author = {Kuhl, Patricia K and Tsao, Feng-Ming and Liu, Huei-Mei},
	Date-Added = {2014-07-29 17:56:34 +0000},
	Date-Modified = {2014-07-29 17:56:34 +0000},
	Journal = {Proceedings of the National Academy of Sciences},
	Number = {15},
	Pages = {9096--9101},
	Publisher = {National Acad Sciences},
	Title = {Foreign-language experience in infancy: Effects of short-term exposure and social interaction on phonetic learning},
	Volume = {100},
	Year = {2003}}

@inproceedings{geng2013,
	Author = {Geng, Gretchen and Disney, Leigh},
	Booktitle = {Proceedings of 21st {I}nternational {C}onference on {C}omputers in {E}ducation},
	Date-Added = {2014-07-29 17:56:34 +0000},
	Date-Modified = {2014-07-29 17:56:34 +0000},
	Pages = {493-501},
	Title = {A Case Study: Exploring Video Deficit Effect in 2-Year-Old Children's Playing and Learning With an iPad},
	Year = {2013}}

@article{ferguson2014,
	Author = {Ferguson, Christopher J and Donnellan, M Brent},
	Date-Added = {2014-07-29 17:56:34 +0000},
	Date-Modified = {2014-07-29 17:56:34 +0000},
	Journal = {Developmental psychology},
	Number = {1},
	Pages = {129},
	Publisher = {American Psychological Association},
	Title = {Is the association between childrens baby video viewing and poor language development robust? A reanalysis of Zimmerman, Christakis, and Meltzoff (2007).},
	Volume = {50},
	Year = {2014}}

@article{deloache2010,
	Author = {DeLoache, Judy S and Chiong, Cynthia and Sherman, Kathleen and Islam, Nadia and Vanderborght, Mieke and Troseth, Georgene L and Strouse, Gabrielle A and ODoherty, Katherine},
	Date-Added = {2014-07-29 17:56:34 +0000},
	Date-Modified = {2014-07-29 17:56:34 +0000},
	Journal = {Psychological Science},
	Pages = {1570--1574},
	Publisher = {Sage Publications},
	Title = {Do babies learn from baby media?},
	Volume = {21},
	Year = {2010}}

@article{couse2010,
	Author = {Couse, Leslie J and Chen, Dora W},
	Date-Added = {2014-07-29 17:56:34 +0000},
	Date-Modified = {2014-07-29 17:56:34 +0000},
	Journal = {Journal of Research on Technology in Education},
	Pages = {75--96},
	Publisher = {Taylor \& Francis},
	Title = {A tablet computer for young children? {E}xploring its viability for early childhood education},
	Volume = {43},
	Year = {2010}}

@article{common2013,
	Author = {Rideout, Victoria},
	Date-Added = {2014-07-29 17:56:34 +0000},
	Date-Modified = {2014-07-29 17:56:34 +0000},
	Journal = {Common Sense Media},
	Title = {Zero to eight: Children's media use in America in 2013},
	Year = {2013}}

@article{christakis2014,
	Author = {Christakis, D. A.},
	Date-Added = {2014-07-29 17:56:34 +0000},
	Date-Modified = {2014-08-01 19:24:56 +0000},
	Journal = {JAMA Pediatrics},
	Pages = {399-400},
	Title = {Interactive media use at younger than the age of 2 years: Time to Rethink the {A}merican {A}cademy of {P}ediatrics Guideline?},
	Volume = {168},
	Year = {2014}}

@article{chai2014,
	Author = {Chai, Zhen and Vail, Cynthia O and Ayres, Kevin M},
	Date-Added = {2014-07-29 17:56:34 +0000},
	Date-Modified = {2014-08-02 04:22:12 +0000},
	Journal = {The Journal of Special Education},
	Publisher = {SAGE Publications},
	Title = {{Using an iPad Application to Promote Early Literacy Development in Young Children With Disabilities}},
	Year = {in press}}

@article{cardon2012,
	Author = {Cardon, Teresa A},
	Date-Added = {2014-07-29 17:56:34 +0000},
	Date-Modified = {2014-07-29 17:56:34 +0000},
	Journal = {Research in Autism Spectrum Disorders},
	Number = {4},
	Pages = {1389--1400},
	Publisher = {Elsevier},
	Title = {Teaching caregivers to implement video modeling imitation training via iPad for their children with autism},
	Volume = {6},
	Year = {2012}}

@article{brown2011,
	Author = {Brown, Ari},
	Date-Added = {2014-07-29 17:56:34 +0000},
	Date-Modified = {2014-07-29 17:56:34 +0000},
	Journal = {Pediatrics},
	Number = {5},
	Pages = {1040--1045},
	Publisher = {Am Acad Pediatrics},
	Title = {Council on Communications and Media. {M}edia use by children younger than 2 years},
	Volume = {128},
	Year = {2011}}

@article{bertucco2013,
	Author = {Bertucco, Matteo and Sanger, Terence D},
	Date-Added = {2014-07-29 17:56:34 +0000},
	Date-Modified = {2014-08-01 19:24:01 +0000},
	Journal = {Journal of Child Neurology},
	Publisher = {SAGE Publications},
	Title = {Speed-Accuracy Testing on the Apple iPad Provides a Quantitative Test of Upper Extremity Motor Performance in Children with Dystonia},
	Year = {2013}}

@article{bavelier2010,
	Author = {Bavelier, Daphne and Green, C Shawn and Dye, Matthew WG},
	Date-Added = {2014-07-29 17:56:34 +0000},
	Date-Modified = {2014-07-29 17:56:34 +0000},
	Journal = {Neuron},
	Number = {5},
	Pages = {692--701},
	Publisher = {Elsevier},
	Title = {Children, wired: for better and for worse},
	Volume = {67},
	Year = {2010}}

@article{aziz2014,
	Author = {Aziz, Nor Azah Abdul and Sin, Nur Syuhada Mat and Batmaz, Firat and Stone, Roger and Chung, Paul Wai Hing},
	Date-Added = {2014-07-29 17:56:34 +0000},
	Date-Modified = {2014-07-29 22:53:36 +0000},
	Journal = {International Journal of Advanced Computer Science and Applications},
	Number = {5},
	Pages = {97--102},
	Title = {Selection of Touch Gestures for Childrens Applications: Repeated Experiment to Increase Reliability},
	Volume = {4},
	Year = {2014}}

@article{anderson2005,
	Author = {Anderson, Daniel R and Pempek, Tiffany A},
	Date-Added = {2014-07-29 17:56:34 +0000},
	Date-Modified = {2014-07-29 17:56:34 +0000},
	Journal = {American Behavioral Scientist},
	Number = {5},
	Pages = {505--522},
	Publisher = {Sage Publications},
	Title = {Television and very young children},
	Volume = {48},
	Year = {2005}}

@article{american2001,
	Author = {American Academy of Pediatrics and others},
	Date-Added = {2014-07-29 17:56:34 +0000},
	Date-Modified = {2014-07-29 17:56:34 +0000},
	Journal = {Pediatrics},
	Number = {2},
	Pages = {423},
	Title = {American Academy of Pediatrics: Children, adolescents, and television.},
	Volume = {107},
	Year = {2001}}

@article{gleitman1990,
	Author = {Gleitman, L.},
	Date-Added = {2014-06-27 18:44:46 +0000},
	Date-Modified = {2014-06-27 18:44:46 +0000},
	Journal = {Language Acquisition},
	Pages = {3--55},
	Publisher = {Taylor \& Francis, Ltd.},
	Title = {{The structural sources of verb meanings}},
	Volume = {1},
	Year = {1990}}

@article{fenson1994,
	Author = {Fenson, L. and Dale, P.S. and Reznick, J.S. and Bates, E. and Thal, D.J. and Pethick, S.J. and Tomasello, M. and Mervis, C.B. and Stiles, J.},
	Date-Added = {2014-06-27 18:41:45 +0000},
	Date-Modified = {2014-08-01 19:25:40 +0000},
	Journal = {Monographs of the Society for Research in Child Development},
	Number = {5},
	Publisher = {JSTOR},
	Title = {Variability in early communicative development},
	Volume = {59},
	Year = {1994}}

@incollection{carey1978,
	Address = {Cambridge, MA},
	Author = {Carey, S.},
	Booktitle = {Linguistic theory and psychological reality},
	Date-Added = {2014-06-27 17:03:30 +0000},
	Date-Modified = {2014-06-27 17:03:30 +0000},
	Pages = {264--293},
	Publisher = {MIT Press},
	Title = {The child as word learner},
	Year = {1978}}

@inproceedings{vogel2014,
	Address = {Austin, TX},
	Author = {Vogel, Adam and Emilsson, Andr{\'e}s Gom{\'e}z and Frank, Michael C and Jurafsky, Dan and Potts, Christopher},
	Booktitle = {Proceedings of the 36th Annual Meeting of the Cognitive Science Society},
	Date-Added = {2014-06-23 18:26:32 +0000},
	Date-Modified = {2014-06-27 18:54:24 +0000},
	Publisher = {Cognitive Science Society},
	Title = {Learning to Reason Pragmatically with Cognitive Limitations},
	Year = {2014}}

@article{clark1983,
	Author = {Clark, Herbert H and Schreuder, Robert and Buttrick, Samuel},
	Date-Added = {2014-06-23 18:16:02 +0000},
	Date-Modified = {2014-06-27 17:04:17 +0000},
	Journal = {Journal of Verbal Learning and Verbal Behavior},
	Number = {2},
	Pages = {245--258},
	Publisher = {Elsevier},
	Title = {Common ground at the understanding of demonstrative reference},
	Volume = {22},
	Year = {1983}}

@book{schelling1980,
	Address = {Cambridge, MA},
	Author = {Schelling, Thomas C},
	Date-Added = {2014-06-23 18:15:50 +0000},
	Date-Modified = {2014-06-27 18:52:33 +0000},
	Publisher = {Harvard University Press},
	Title = {The strategy of conflict},
	Year = {1980}}

@inproceedings{smith2013,
	Author = {Smith, Nathaniel J and Goodman, Noah and Frank, Michael},
	Booktitle = {Advances in Neural Information Processing Systems},
	Date-Added = {2014-06-23 18:00:16 +0000},
	Date-Modified = {2014-06-27 18:53:03 +0000},
	Pages = {3039--3047},
	Title = {Learning and using language via recursive pragmatic reasoning about other agents},
	Volume = {26},
	Year = {2013}}

@article{gleitman1992,
	Author = {Gleitman, Lila R and Gleitman, Henry},
	Date-Added = {2014-06-20 23:44:13 +0000},
	Date-Modified = {2014-06-23 18:10:13 +0000},
	Journal = {Current Directions in Psychological Science},
	Number = {1},
	Pages = {31--35},
	Publisher = {JSTOR},
	Title = {A picture is worth a thousand words, but that's the problem: The role of syntax in vocabulary acquisition},
	Volume = {1},
	Year = {1992}}

@article{matthews2012,
	Author = {Danielle Matthews and Jessica Butcher and Elena Lieven and Michael Tomasello},
	Date-Added = {2014-06-20 23:40:28 +0000},
	Date-Modified = {2014-06-20 23:40:28 +0000},
	Journal = {Topics in Cognitive Science},
	Number = {2},
	Pages = {184--210},
	Title = {Two- and Four-Year-Olds Learn to Adapt Referring Expressions to Context: Effects of Distracters and Feedback on Referential Communication},
	Volume = {4},
	Year = {2012}}

@article{matthews2007,
	Author = {Matthews, D. and Lieven, E. and Tomasello, M.},
	Date-Added = {2014-06-20 23:40:28 +0000},
	Date-Modified = {2014-06-20 23:40:28 +0000},
	Journal = {Child Development},
	Number = {6},
	Pages = {1744--1759},
	Title = {How Toddlers and Preschoolers Learn to Uniquely Identify Referents for Others: A Training Study},
	Volume = {78},
	Year = {2007}}

@article{liszkowski2008,
	Author = {Ulf Liszkowski and Malinda Carpenter and Michael Tomasello},
	Date-Added = {2014-06-20 23:40:09 +0000},
	Date-Modified = {2014-06-20 23:40:09 +0000},
	Journal = {Cognition},
	Number = {3},
	Pages = {732 - 739},
	Title = {Twelve-month-olds communicate helpfully and appropriately for knowledgeable and ignorant partners},
	Volume = {108},
	Year = {2008},
	Bdsk-Url-1 = {http://www.sciencedirect.com/science/article/pii/S0010027708001595},
	Bdsk-Url-2 = {http://dx.doi.org/10.1016/j.cognition.2008.06.013}}

@article{oneill2001,
	Address = {[London]},
	Author = {O'Neill, D K and Topolevec, J. C.},
	Date-Added = {2014-06-20 23:40:02 +0000},
	Date-Modified = {2014-06-20 23:40:02 +0000},
	Issn = {0305-0009},
	Journal = {Journal of Child Language},
	Number = {01},
	Pages = {1},
	Publisher = {Cambridge University Press.},
	Title = {Two-year-old children's sensitivity to the referential (in) efficacy of their own pointing gestures},
	Volume = {28},
	Year = {2001}}

@article{jaeger2008,
	Author = {Jaeger, T Florian},
	Date-Added = {2013-08-10 18:18:12 +0000},
	Date-Modified = {2014-08-01 19:27:48 +0000},
	Journal = {Journal of Memory and Language},
	Number = {4},
	Pages = {434--446},
	Publisher = {Elsevier},
	Title = {{Categorical data analysis: Away from ANOVAs (transformation or not) and towards logit mixed models}},
	Volume = {59},
	Year = {2008}}

@article{jaeger2011,
	Author = {Jaeger, T Florian and Graff, Peter and Croft, William and Pontillo, Daniel},
	Date-Added = {2013-08-10 18:14:00 +0000},
	Date-Modified = {2013-08-10 18:14:02 +0000},
	Journal = {Linguistic Typology},
	Number = {2},
	Pages = {281--320},
	Title = {Mixed effect models for genetic and areal dependencies in linguistic typology},
	Volume = {15},
	Year = {2011}}

@article{frank2010,
	Author = {Frank, Michael C and Goldwater, Sharon and Griffiths, Thomas L and Tenenbaum, Joshua B},
	Date-Added = {2013-08-10 18:05:21 +0000},
	Date-Modified = {2013-08-10 18:05:23 +0000},
	Journal = {Cognition},
	Number = {2},
	Pages = {107--125},
	Publisher = {Elsevier},
	Title = {Modeling human performance in statistical word segmentation},
	Volume = {117},
	Year = {2010}}

@article{wichmann2001,
	Author = {Wichmann, Felix A and Hill, N Jeremy},
	Date-Added = {2013-08-10 18:03:58 +0000},
	Date-Modified = {2013-08-10 18:04:01 +0000},
	Journal = {Perception \& psychophysics},
	Number = {8},
	Pages = {1293--1313},
	Publisher = {Springer},
	Title = {The psychometric function: I. Fitting, sampling, and goodness of fit},
	Volume = {63},
	Year = {2001}}

@conference{kurumada2013,
	Address = {Austin, TX},
	Author = {Kurumada, Chigusa},
	Booktitle = {Proceedings of the 36th Annual Meeting of the Cognitive Science Society},
	Date-Added = {2013-08-10 17:51:14 +0000},
	Date-Modified = {2014-06-27 18:49:45 +0000},
	Publisher = {Cognitive Science Society},
	Title = {Contextual inferences over speakers pragmatic intentions: Preschoolers comprehension of contrastive prosody},
	Year = {2013}}

@article{katsos2011,
	Author = {Katsos, Napoleon and Bishop, Dorothy VM},
	Date-Added = {2013-08-10 17:50:44 +0000},
	Date-Modified = {2013-08-10 17:52:17 +0000},
	Journal = {Cognition},
	Number = {1},
	Pages = {67--81},
	Publisher = {Elsevier},
	Title = {Pragmatic tolerance: Implications for the acquisition of informativeness and implicature},
	Volume = {120},
	Year = {2011}}

@article{benz2010,
	Author = {Benz, Anton},
	Date-Added = {2013-08-01 17:52:19 +0000},
	Date-Modified = {2013-08-01 17:52:22 +0000},
	Title = {Game Theoretic Pragmatics},
	Year = {2010}}

@article{franke2013,
	Author = {Franke, Michael},
	Date-Added = {2013-08-01 17:52:18 +0000},
	Date-Modified = {2013-08-01 17:52:22 +0000},
	Journal = {Philosophy Compass},
	Number = {3},
	Pages = {269--284},
	Publisher = {Wiley Online Library},
	Title = {Game Theoretic Pragmatics},
	Volume = {8},
	Year = {2013}}

@phdthesis{franke2009,
	Author = {Franke, Michael},
	Date-Added = {2013-08-01 17:50:49 +0000},
	Date-Modified = {2014-06-27 18:43:59 +0000},
	Publisher = {Institute for Logic, Language and Computation},
	School = {Universiteit van Amsterdam},
	Title = {Signal to act: Game theory in pragmatics},
	Year = {2009}}

@article{crump2013,
	Author = {Crump, Matthew JC and McDonnell, John V and Gureckis, Todd M},
	Date-Added = {2013-04-22 23:53:46 +0000},
	Date-Modified = {2014-06-27 17:04:41 +0000},
	Journal = {PLOS ONE},
	Number = {3},
	Pages = {e57410},
	Publisher = {Public Library of Science},
	Title = {Evaluating {Amazon's Mechanical Turk} as a Tool for Experimental Behavioral Research},
	Volume = {8},
	Year = {2013}}

@article{buhrmester2011,
	Author = {Buhrmester, Michael and Kwang, Tracy and Gosling, Samuel D},
	Date-Added = {2013-04-22 23:53:37 +0000},
	Date-Modified = {2013-04-22 23:53:48 +0000},
	Journal = {Perspectives on Psychological Science},
	Number = {1},
	Pages = {3--5},
	Publisher = {Sage Publications},
	Title = {Amazon's Mechanical Turk A New Source of Inexpensive, Yet High-Quality, Data?},
	Volume = {6},
	Year = {2011}}

@article{goodman2013,
	Author = {Goodman, Noah D and Stuhlm{\"u}ller, Andreas},
	Date-Added = {2013-04-22 23:49:21 +0000},
	Date-Modified = {2014-06-27 18:45:03 +0000},
	Journal = {Topics in Cognitive Science},
	Number = {1},
	Pages = {173--184},
	Publisher = {Wiley Online Library},
	Title = {Knowledge and implicature: Modeling language understanding as social cognition},
	Volume = {5},
	Year = {2013}}

@article{brown-schmidt2008,
	Author = {Brown-Schmidt, S. and Gunlogson, C. and Tanenhaus, M. K.},
	Date-Added = {2013-04-10 18:45:42 +0000},
	Date-Modified = {2013-04-10 18:46:18 +0000},
	Journal = {Cognition},
	Pages = {1122-1134},
	Title = {Addressees distinguish shared from private information when interpreting questions during interactive conversation.},
	Volume = {107},
	Year = {2008}}

@article{keysar2003,
	Author = {Keysar, B. and Lin, S. and Barr, D. J.},
	Date-Added = {2013-04-10 18:44:19 +0000},
	Date-Modified = {2013-04-10 18:44:47 +0000},
	Journal = {Cognition},
	Pages = {25 -- 41},
	Title = {Limits on theory of mind use in adults},
	Volume = {89},
	Year = {2003}}

@incollection{greenfield1978,
	Address = {London, UK},
	Author = {Greenfield, P. M.},
	Booktitle = {Development of Communication},
	Date-Added = {2013-04-09 16:59:48 +0000},
	Date-Modified = {2014-06-27 18:45:39 +0000},
	Editor = {Waterson, N. and Snow, C.},
	Publisher = {Wiley},
	Title = {Informativeness, presupposition, and semantic choice in single-word utterances},
	Year = {1978}}

@book{greenfield1976,
	Address = {New York, NY},
	Author = {Greenfield, P. M. and Smith, J. H.},
	Date-Added = {2013-04-09 16:58:59 +0000},
	Date-Modified = {2014-06-27 18:45:15 +0000},
	Publisher = {Academic Press},
	Title = {The structure of communication in early language development},
	Year = {1976}}

@book{bates1976,
	Address = {New York, NY},
	Author = {Bates, E. A.},
	Date-Added = {2013-04-09 16:58:22 +0000},
	Date-Modified = {2014-06-27 17:02:01 +0000},
	Publisher = {Academic Press},
	Title = {Language and context},
	Year = {1976}}

@article{pea1979,
	Author = {Pea, R. D.},
	Date-Added = {2013-04-09 16:57:36 +0000},
	Date-Modified = {2013-04-09 16:58:17 +0000},
	Journal = {Journal of Child Language},
	Pages = {397-410},
	Title = {Can information theory explain early word choice},
	Volume = {6},
	Year = {1979}}

@article{clark2002,
	Author = {Clark, E.V. and Wong, A. D. W.},
	Date-Added = {2013-04-09 16:12:03 +0000},
	Date-Modified = {2013-04-09 16:12:45 +0000},
	Journal = {Language in Society},
	Pages = {181-212},
	Title = {Pragmatic directions about language use: Offers of words and relations},
	Volume = {31},
	Year = {2002}}

@inproceedings{lewis2013,
	Author = {Lewis, Molly and Frank, Michael C},
	Booktitle = {{Proceedings of the 35th Annual Conference of the Cognitive Science Society}},
	Date-Added = {2013-03-14 21:14:04 +0000},
	Date-Modified = {2013-04-09 04:15:35 +0000},
	Title = {Modeling disambiguation in word learning via multiple probabilistic constraints},
	Year = {2013}}

@incollection{jager2010,
	Address = {Amsterdam, Netherlands},
	Author = {Jaeger, Gerhard},
	Booktitle = {Handbook of Logic and Language},
	Date-Added = {2013-03-14 21:05:03 +0000},
	Date-Modified = {2014-06-27 18:48:44 +0000},
	Edition = {2nd},
	Editor = {J. van Benthem and A. ter Meulen},
	Pages = {467--491},
	Publisher = {Elsevier},
	Title = {Game-Theoretical Pragmatics},
	Year = {2010}}

@article{frank2013,
	Author = {Frank, M. C.},
	Date-Added = {2013-03-14 21:01:49 +0000},
	Date-Modified = {2014-06-27 18:42:29 +0000},
	Journal = {Cognition},
	Pages = {417--423},
	Title = {Throwing out the Bayesian baby with the optimal bathwater: Response to Endress (2013)},
	Volume = {128},
	Year = {2013}}

@article{barner2011,
	Author = {Barner, David and Brooks, Neon and Bale, Alan},
	Date-Added = {2013-03-14 20:31:20 +0000},
	Date-Modified = {2013-03-14 20:31:23 +0000},
	Journal = {Cognition},
	Number = {1},
	Pages = {84},
	Title = {Accessing the unsaid: The role of scalar alternatives in childrens pragmatic inference},
	Volume = {118},
	Year = {2011}}

@article{stiller2014,
	Author = {Stiller, Alex and Goodman, Noah D and Frank, Michael C},
	Date-Added = {2013-03-14 20:30:46 +0000},
	Date-Modified = {2014-06-20 23:42:19 +0000},
	Journal = {Language Learning and Development},
	Title = {Ad-hoc implicature in preschool children},
	Year = {2014}}

@book{mackay2003,
	Address = {Cambridge, UK},
	Author = {MacKay, David JC},
	Date-Added = {2013-03-14 20:16:23 +0000},
	Date-Modified = {2014-06-27 18:50:05 +0000},
	Publisher = {Cambridge University Press},
	Title = {Information theory, inference and learning algorithms},
	Year = {2003}}

@book{tomasello2008,
	Address = {Cambridge, MA},
	Author = {Tomasello, Michael},
	Date-Added = {2013-03-14 17:16:15 +0000},
	Date-Modified = {2014-06-27 18:54:14 +0000},
	Publisher = {MIT press},
	Title = {Origins of human communication},
	Year = {2008}}

@article{pinker2005,
	Author = {Pinker, Steven and Jackendoff, Ray},
	Date-Added = {2013-03-14 17:14:19 +0000},
	Date-Modified = {2013-03-14 17:14:39 +0000},
	Journal = {Cognition},
	Number = {2},
	Pages = {201--236},
	Publisher = {Elsevier},
	Title = {The faculty of language: what's special about it?},
	Volume = {95},
	Year = {2005}}

@article{frank2012,
	Author = {Frank, Michael C and Goodman, Noah D},
	Date-Added = {2013-02-18 19:58:26 +0000},
	Date-Modified = {2013-02-18 19:58:28 +0000},
	Journal = {Science},
	Number = {6084},
	Pages = {998--998},
	Publisher = {American Association for the Advancement of Science},
	Title = {Predicting pragmatic reasoning in language games},
	Volume = {336},
	Year = {2012}}

@article{barr2013,
	Author = {Barr, Dale J and Levy, Roger and Scheepers, Christoph and Tily, Harry J},
	Date-Added = {2013-02-18 19:14:55 +0000},
	Date-Modified = {2013-04-09 17:03:14 +0000},
	Journal = {Journal of Memory and Language},
	Pages = {255-278},
	Title = {Random effects structure for confirmatory hypothesis testing: Keep it maximal},
	Volume = {68},
	Year = {2013}}

@article{barner2010,
	Author = {Barner, D. and Bachrach, A.},
	Date-Added = {2011-01-25 12:44:37 -0800},
	Date-Modified = {2014-06-27 17:01:41 +0000},
	Issn = {0010-0285},
	Journal = {Cognitive Psychology},
	Number = {1},
	Pages = {40--62},
	Publisher = {Elsevier},
	Title = {Inference and exact numerical representation in early language development},
	Volume = {60},
	Year = {2010}}

@article{barnerinpress,
	Author = {Barner, D. and Brooks, N. and Bale, A.},
	Date-Added = {2011-01-25 12:44:37 -0800},
	Date-Modified = {2011-01-25 12:44:37 -0800},
	Issn = {0010-0277},
	Journal = {Cognition},
	Publisher = {Elsevier},
	Title = {Accessing the unsaid: The role of scalar alternatives in children's pragmatic inference},
	Year = {in press}}

@book{levinson2000,
	Author = {Levinson, S.C.},
	Date-Added = {2011-01-25 12:32:39 -0800},
	Date-Modified = {2011-01-25 12:32:41 -0800},
	Isbn = {0262122189},
	Publisher = {MIT Press},
	Title = {Presumptive meanings: The theory of generalized conversational implicature},
	Year = {2000}}

@article{cleeremans2008,
	Author = {Cleeremans, A. and Dienes, Z.},
	Date-Added = {2010-04-19 16:58:31 -0400},
	Date-Modified = {2010-04-19 16:58:35 -0400},
	Journal = {Cambridge handbook of computational psychology},
	Pages = {396--421},
	Publisher = {Citeseer},
	Title = {Computational models of implicit learning},
	Year = {2008}}

@book{lieberman2002,
	Address = {Cambridge, MA},
	Author = {Lieberman, P.},
	Date-Added = {2010-04-19 16:56:57 -0400},
	Date-Modified = {2010-04-20 13:21:25 -0400},
	Publisher = {Harvard University Press},
	Title = {Human language and our reptilian brain: the subcortical bases of speech, syntax, and thought},
	Year = {2002}}

@article{reber1967,
	Author = {Reber, A.S.},
	Date-Added = {2010-04-19 16:39:05 -0400},
	Date-Modified = {2010-04-19 16:39:13 -0400},
	Journal = {Journal of verbal learning and verbal behavior},
	Number = {6},
	Pages = {855--863},
	Publisher = {Elsevier},
	Title = {Implicit learning of artificial grammars1},
	Volume = {6},
	Year = {1967}}

@article{saffran2008,
	Author = {Saffran, J. R. and Hauser, M. and Seibel, R. and Kapfhamer, J. and Tsao, F. and Cushman, F.},
	Date-Added = {2010-04-19 16:38:34 -0400},
	Date-Modified = {2010-04-27 12:10:17 -0400},
	Journal = {Cognition},
	Number = {2},
	Pages = {479--500},
	Publisher = {Elsevier},
	Title = {Grammatical pattern learning by human infants and cotton-top tamarin monkeys},
	Volume = {107},
	Year = {2008}}

@article{frank2009e,
	Author = {Frank, M. C. and Slemmer, J. A. and Marcus, G. F. and Johnson, S. P.},
	Date-Added = {2010-04-19 16:35:45 -0400},
	Date-Modified = {2010-04-19 16:35:53 -0400},
	Journal = {Developmental science},
	Number = {4},
	Pages = {504},
	Publisher = {NIH Public Access},
	Title = {Information from Multiple Modalities Helps Five-month-olds Learn Abstract Rules},
	Volume = {12},
	Year = {2009}}

@article{marcus2007,
	Author = {Marcus, G. F. and Fernandes, K. J. and Johnson, S. P.},
	Date-Added = {2010-04-19 16:35:41 -0400},
	Date-Modified = {2010-04-19 16:35:41 -0400},
	Journal = {Psychological Science},
	Number = {5},
	Pages = {387},
	Publisher = {Blackwell Publishing Ltd},
	Title = {Infant rule learning facilitated by speech},
	Volume = {18},
	Year = {2007}}

@article{saffran2007,
	Author = {Saffran, J. R. and Pollak, S.D. and Seibel, R.L. and Shkolnik, A.},
	Date-Added = {2010-04-19 16:35:38 -0400},
	Date-Modified = {2010-04-27 12:10:14 -0400},
	Journal = {Cognition},
	Number = {3},
	Pages = {669--680},
	Publisher = {Elsevier},
	Title = {Dog is a dog is a dog: Infant rule learning is not specific to language},
	Volume = {105},
	Year = {2007}}

@incollection{kawamoto1986,
	Author = {Kawamoto, A. H. and McClelland, J.L.},
	Booktitle = {{Parallel distributed processing, Vol. 2: Psychological and biological models}},
	Chapter = {19},
	Date-Added = {2010-04-19 15:56:57 -0400},
	Date-Modified = {2010-04-19 15:58:17 -0400},
	Pages = {195--248},
	Publisher = {Lawrence Erlbaum Associates},
	Title = {Mechanisms of sentence processing: Assigning roles to constituents of sentences},
	Year = {1987}}

@article{solan2005,
	Author = {Solan, Z. and Horn, D. and Ruppin, E. and Edelman, S.},
	Date-Added = {2010-04-19 15:52:22 -0400},
	Date-Modified = {2010-04-19 15:52:24 -0400},
	Journal = {Proceedings of the National Academy of Sciences of the United States of America},
	Number = {33},
	Pages = {11629},
	Publisher = {National Acad Sciences},
	Title = {Unsupervised learning of natural languages},
	Volume = {102},
	Year = {2005}}

@article{alishahi2009,
	Author = {Alishahi, A. and Stevenson, S.},
	Date-Added = {2010-04-19 14:09:55 -0400},
	Date-Modified = {2010-04-19 14:09:57 -0400},
	Journal = {Language and Cognitive Processes},
	Number = {1},
	Pages = {1--44},
	Publisher = {Psychology Press},
	Title = {A computational model of learning semantic roles from child-directed language},
	Volume = {99999},
	Year = {2009}}

@article{li2002,
	Author = {Li, P. and Farkas, I.},
	Date-Added = {2010-04-19 14:07:05 -0400},
	Date-Modified = {2010-04-19 14:07:32 -0400},
	Journal = {Bilingual sentence processing},
	Pages = {59--85},
	Publisher = {North-Holland},
	Title = {A self-organizing connectionist model of bilingual processing},
	Year = {2002}}

@article{li2004,
	Author = {Li, P. and Farkas, I. and MacWhinney, B.},
	Date-Added = {2010-04-19 14:06:52 -0400},
	Date-Modified = {2010-04-19 14:07:32 -0400},
	Journal = {Neural Networks},
	Number = {8-9},
	Pages = {1345--1362},
	Publisher = {Elsevier},
	Title = {Early lexical development in a self-organizing neural network},
	Volume = {17},
	Year = {2004}}

@article{fazlyinpress,
	Author = {Fazly, A. and Alishahi, A. and Stevenson, S.},
	Date-Added = {2010-04-19 14:01:05 -0400},
	Date-Modified = {2010-04-19 14:01:26 -0400},
	Journal = {Cognitive Science},
	Title = {A Probabilistic Computational Model of Cross-situational Word Learning},
	Year = {in press}}

@conference{fazly2008,
	Author = {Fazly, A. and Alishahi, A. and Stevenson, S.},
	Booktitle = {Proceedings of the 30th Annual Conference of the Cognitive Science Society},
	Date-Added = {2010-04-19 14:00:52 -0400},
	Date-Modified = {2010-04-19 14:00:55 -0400},
	Title = {A probabilistic incremental model of word learning in the presence of referential uncertainty},
	Year = {2008}}

@article{gertner2006,
	Author = {Gertner, Y. and Fisher, C. and Eisengart, J.},
	Date-Added = {2010-04-19 13:42:47 -0400},
	Date-Modified = {2010-04-19 13:42:49 -0400},
	Journal = {Psychological Science},
	Number = {8},
	Pages = {684},
	Publisher = {SAGE Publications},
	Title = {Learning Words and Rules},
	Volume = {17},
	Year = {2006}}

@article{arunachalaminpress,
	Author = {Arunachalam, S. and Waxman, S.R},
	Date-Added = {2010-04-19 13:41:26 -0400},
	Date-Modified = {2010-04-19 13:42:19 -0400},
	Journal = {Cognition},
	Title = {Meaning from syntax: Evidence from 2-year-olds},
	Year = {in press}}

@article{borensztajn2008,
	Author = {Borensztajn, G. and Zuidema, W. and Bod, R.},
	Date-Added = {2010-04-19 13:38:14 -0400},
	Date-Modified = {2010-04-19 13:38:15 -0400},
	Journal = {Proc. Cog-Sci 2008},
	Pages = {47--51},
	Title = {Children's grammars grow more abstract with ageevidence from an automatic procedure for identifying the productive units of language},
	Year = {2008}}

@phdthesis{rohde2002,
	Author = {Rohde, D.L.T.},
	Date-Added = {2010-04-19 13:17:17 -0400},
	Date-Modified = {2010-04-19 13:17:27 -0400},
	School = {Carnegie Mellon University},
	Title = {A connectionist model of sentence comprehension and production},
	Year = {2002}}

@techreport{odonnell2009,
	Author = {O'Donnell, T. J. and Tenenbaum, J. B. and Goodman, N. D.},
	Date-Added = {2010-04-19 13:08:14 -0400},
	Date-Modified = {2010-04-19 13:08:58 -0400},
	Institution = {Massachusetts Institute of Technology},
	Number = {CSAIL-TR-2009-013},
	Title = {Fragment Grammars: Exploring Computation and Reuse in Language},
	Year = {2009}}

@conference{frank2008,
	Author = {Frank, M. C. and Ichinco, D. and Tenenbaum, J. B.},
	Booktitle = {Proceedings of the 30th Annual Meeting of the Cognitive Science Society},
	Date-Added = {2010-04-19 13:07:53 -0400},
	Date-Modified = {2010-04-27 12:12:09 -0400},
	Title = {Principles of generalization for learning sequential structure in language},
	Year = {2008}}

@conference{johnson2008b,
	Author = {Johnson, M.},
	Booktitle = {Proceedings of the Tenth Meeting of ACL Special Interest Group on Computational Morphology and Phonology},
	Date-Added = {2010-04-19 12:58:49 -0400},
	Date-Modified = {2010-04-19 12:58:58 -0400},
	Organization = {Association for Computational Linguistics},
	Pages = {20--27},
	Title = {Unsupervised word segmentation for sesotho using adaptor grammars},
	Year = {2008}}

@article{johnson2007,
	Author = {Johnson, M. and Griffiths, T.L. and Goldwater, S.},
	Date-Added = {2010-04-19 12:58:37 -0400},
	Date-Modified = {2010-04-19 12:58:51 -0400},
	Journal = {Advances in Neural Information Processing Systems},
	Pages = {641},
	Publisher = {Citeseer},
	Title = {Adaptor grammars: A framework for specifying compositional nonparametric Bayesian models},
	Volume = {19},
	Year = {2007}}

@article{prasada1993,
	Author = {Prasada, S. and Pinker, S.},
	Date-Added = {2010-04-19 12:43:10 -0400},
	Date-Modified = {2010-04-19 12:43:12 -0400},
	Journal = {Language and cognitive processes},
	Number = {1},
	Pages = {1--56},
	Publisher = {Psychology Press},
	Title = {Generalisation of regular and irregular morphological patterns},
	Volume = {8},
	Year = {1993}}

@article{gomez2002,
	Author = {G\'omez, R.},
	Date-Added = {2010-04-19 11:49:22 -0400},
	Date-Modified = {2010-04-19 11:49:22 -0400},
	Journal = {Psychological Science},
	Pages = {431--436},
	Title = {Variability and detection of invariant structure},
	Year = {2002}}

@article{berko1958,
	Author = {Berko, J.},
	Date-Added = {2010-04-19 11:47:28 -0400},
	Date-Modified = {2010-04-19 11:48:31 -0400},
	Journal = {Word},
	Pages = {150--177},
	Title = {The child's learning of English morphology},
	Volume = {14},
	Year = {1958}}

@article{plunkett1991,
	Author = {Plunkett, K. and Marchman, V.},
	Date-Added = {2010-04-19 11:38:54 -0400},
	Date-Modified = {2010-04-20 13:20:04 -0400},
	Journal = {Cognition},
	Number = {1},
	Pages = {43--102},
	Publisher = {Elsevier},
	Title = {U-shaped learning and frequency effects in a multi-layered perception: Implications for child language acquisition},
	Volume = {38},
	Year = {1991}}

@article{marcus1995,
	Author = {Marcus, G.F.},
	Date-Added = {2010-04-19 11:37:11 -0400},
	Date-Modified = {2010-04-19 11:37:13 -0400},
	Journal = {Cognition},
	Number = {3},
	Pages = {271--279},
	Publisher = {Elsevier},
	Title = {The acquisition of the English past tense in children and multilayered connectionist networks},
	Volume = {56},
	Year = {1995}}

@article{pinker1988,
	Author = {Pinker, S. and Prince, A.},
	Date-Added = {2010-04-19 11:36:55 -0400},
	Date-Modified = {2010-04-19 11:37:13 -0400},
	Journal = {Connections and symbols},
	Pages = {73--193},
	Title = {On language and connectionism: Analysis of a parallel distributed processing model of language acquisition},
	Year = {1988}}

@article{plunkett1996,
	Author = {Plunkett, K. and Marchman, V.A.},
	Date-Added = {2010-04-19 11:34:35 -0400},
	Date-Modified = {2010-04-19 11:35:29 -0400},
	Journal = {Cognition},
	Number = {3},
	Pages = {299--308},
	Title = {Learning from a connectionist model of the acquisition of the English past tense.},
	Volume = {61},
	Year = {1996}}

@article{plunkett1993,
	Author = {Plunkett, K. and Marchman, V.},
	Date-Added = {2010-04-19 11:33:42 -0400},
	Date-Modified = {2010-04-19 11:35:29 -0400},
	Journal = {Cognition},
	Number = {1},
	Pages = {21--69},
	Publisher = {Citeseer},
	Title = {From rote learning to system building: Acquiring verb morphology in children and connectionist nets},
	Volume = {48},
	Year = {1993}}

@incollection{rumelhart1986b,
	Address = {Cambridge, MA},
	Author = {Rumelhart, D.E. and McClelland, J.L.},
	Booktitle = {{Parallel distributed processing, Vol. 2: Psychological and biological models}},
	Date-Added = {2010-04-19 11:32:59 -0400},
	Date-Modified = {2010-04-19 15:59:04 -0400},
	Journal = {Mechanisms of language acquisition},
	Pages = {195--248},
	Publisher = {MIT Press},
	Title = {Learning the past tenses of English verbs: Implicit rules or parallel distributed processing},
	Year = {1986}}

@article{creutz2007,
	Author = {Creutz, M. and Lagus, K.},
	Date-Added = {2010-04-19 11:32:07 -0400},
	Date-Modified = {2010-04-19 11:32:09 -0400},
	Journal = {ACM Transactions on Speech and Language Processing (TSLP)},
	Number = {1},
	Pages = {1--34},
	Publisher = {ACM},
	Title = {Unsupervised models for morpheme segmentation and morphology learning},
	Volume = {4},
	Year = {2007}}

@article{creutz2005,
	Author = {Creutz, M. and Lagus, K.},
	Date-Added = {2010-04-19 11:32:02 -0400},
	Date-Modified = {2010-04-19 11:32:09 -0400},
	Journal = {Computer and information science, Report A},
	Publisher = {Citeseer},
	Title = {Unsupervised morpheme segmentation and morphology induction from text corpora using Morfessor 1.0},
	Volume = {81},
	Year = {2005}}

@article{demarcken1996,
	Author = {{de Marcken}, C.},
	Date-Added = {2010-04-19 11:26:05 -0400},
	Date-Modified = {2010-04-19 11:26:23 -0400},
	Journal = {Arxiv preprint cmp-lg/9611002},
	Title = {Unsupervised language acquisition},
	Year = {1996}}

@inproceedings{goldwater2007b,
	Author = {Goldwater, S.},
	Booktitle = {Workshop on Psychocomputational Models of Language Acquisition},
	Date-Added = {2010-04-19 11:04:43 -0400},
	Date-Modified = {2010-04-19 11:05:59 -0400},
	Journal = {Models of Human Language Acquisition},
	Publisher = {Citeseer},
	Title = {Distributional Models of Syntactic Category Acquisition: A Comparative Analysis},
	Year = {2007}}

@conference{goldwater2007,
	Author = {Goldwater, S. and Griffiths, T.},
	Booktitle = {{Annual meeting of the Association for Computational Linguistics}},
	Date-Added = {2010-04-19 11:04:14 -0400},
	Date-Modified = {2010-04-19 16:47:40 -0400},
	Pages = {744},
	Title = {A fully Bayesian approach to unsupervised part-of-speech tagging},
	Volume = {45},
	Year = {2007}}

@article{elman1990,
	Author = {Elman, J. L.},
	Date-Added = {2010-04-18 22:33:53 -0400},
	Date-Modified = {2010-04-18 22:34:30 -0400},
	Journal = {Cognitive Science},
	Number = {179-211},
	Title = {Finding structure in time},
	Volume = {14},
	Year = {1990}}

@conference{berwick2009,
	Author = {Berwick, R. and Chomsky, N.},
	Booktitle = {{Proceedings of the 30th Annual Conference of the Cognitive Science Society, Washington}},
	Date-Added = {2010-04-18 21:47:11 -0400},
	Date-Modified = {2010-04-20 13:23:29 -0400},
	Title = {{`Poverty of the stimulus' revisited: Recent challenges reconsidered}},
	Year = {2009}}

@conference{connor2008,
	Author = {Connor, M. and Gertner, Y. and Fisher, C. and Roth, D.},
	Booktitle = {{Proceedings of the Twelfth Conference on Computational Natural Language Learning}},
	Date-Added = {2010-04-18 21:30:50 -0400},
	Date-Modified = {2010-04-18 21:33:24 -0400},
	Organization = {Association for Computational Linguistics},
	Pages = {81--88},
	Title = {{Baby SRL: Modeling early language acquisition}},
	Year = {2008}}

@conference{connor2009,
	Author = {Connor, M. and Gertner, Y. and Fisher, C. and Roth, D.},
	Booktitle = {{Proceedings of the Thirteenth Conference on Computational Natural Language Learning}},
	Date-Added = {2010-04-18 21:30:50 -0400},
	Date-Modified = {2010-04-18 21:33:32 -0400},
	Organization = {Association for Computational Linguistics},
	Pages = {84--92},
	Title = {Minimally supervised model of early language acquisition},
	Year = {2009}}

@article{gomez1999,
	Author = {G\'omez, R.L. and Gerken, L.A.},
	Date-Added = {2010-04-18 20:07:04 -0400},
	Date-Modified = {2010-04-18 20:07:04 -0400},
	Journal = {Cognition},
	Pages = {109--135},
	Publisher = {Elsevier},
	Title = {Artificial grammar learning by 1-year-olds leads to specific and abstract knowledge},
	Volume = {70},
	Year = {1999}}

@article{frankunderreview,
	Author = {Frank, M. C. and Gibson, E.},
	Date-Added = {2010-04-13 10:26:17 -0400},
	Date-Modified = {2010-04-13 10:26:17 -0400},
	Title = {Overcoming memory limitations in rule learning},
	Year = {under review}}

@article{frankunderreview3,
	Author = {Frank, M. C. and Tenenbaum, J. B.},
	Date-Added = {2010-04-13 10:25:45 -0400},
	Date-Modified = {2010-04-13 10:25:45 -0400},
	Title = {Three ideal observer models of rule learning in simple languages},
	Year = {under review}}

@article{perruchet2006,
	Author = {Perruchet, P. and Pacton, S.},
	Date-Added = {2010-04-13 10:23:22 -0400},
	Date-Modified = {2010-04-13 10:23:25 -0400},
	Journal = {Trends in Cognitive Sciences},
	Number = {5},
	Pages = {233--238},
	Publisher = {Elsevier},
	Title = {Implicit learning and statistical learning: One phenomenon, two approaches},
	Volume = {10},
	Year = {2006}}

@article{maratsos1980,
	Author = {Maratsos, M. and Chalkley, M.A.},
	Date-Added = {2010-04-13 10:11:00 -0400},
	Date-Modified = {2010-04-13 10:16:02 -0400},
	Journal = {Children's language},
	Pages = {127--214},
	Publisher = {Gardner Press},
	Title = {The internal language of children's syntax: The ontogenesis and representation of syntactic categories},
	Volume = {2},
	Year = {1980}}

@conference{reeder2009,
	Author = {Reeder, P.A. and Newport, E.L. and Aslin, R.N.},
	Booktitle = {Proceedings of the 31st Annual Meeting of the Cognitive Science Society},
	Date-Added = {2010-04-13 10:10:08 -0400},
	Date-Modified = {2010-04-13 10:10:10 -0400},
	Title = {The role of distributional information in linguistic category formation},
	Year = {2009}}

@article{morgan1981,
	Author = {Morgan, J.L. and Newport, E.L.},
	Date-Added = {2010-04-13 10:01:49 -0400},
	Date-Modified = {2010-04-13 10:01:49 -0400},
	Journal = {Journal of Verbal Learning \& Verbal Behavior. Vol},
	Number = {1},
	Pages = {67--85},
	Title = {The role of constituent structure in the induction of an artificial language.},
	Volume = {20},
	Year = {1981}}

@article{smith1966,
	Author = {Smith, K.H.},
	Date-Added = {2010-04-13 10:01:19 -0400},
	Date-Modified = {2010-04-13 10:01:19 -0400},
	Journal = {Journal of Experimental Psychology},
	Pages = {580--588},
	Title = {Grammatical intrusions in the recall of structured letter pairs: mediated transfer or position learning?},
	Volume = {72},
	Year = {1966}}

@article{braine1987,
	Author = {Braine, M.D.S.},
	Date-Added = {2010-04-13 10:01:11 -0400},
	Date-Modified = {2010-04-13 10:01:11 -0400},
	Journal = {Mechanisms of language acquisition},
	Pages = {65--87},
	Publisher = {Lawrence Erlbaum Associates},
	Title = {What is learned in acquiring word classes: A step toward an acquisition theory},
	Year = {1987}}

@article{mintz2002b,
	Author = {Mintz, T.H.},
	Date-Added = {2010-04-13 10:00:54 -0400},
	Date-Modified = {2010-04-13 10:01:01 -0400},
	Journal = {Memory and Cognition},
	Pages = {678--686},
	Publisher = {Psychonomic Society},
	Title = {Category induction from distributional cues in an artificial language},
	Volume = {30},
	Year = {2002}}

@article{gerken2005,
	Author = {Gerken, L. and Wilson, R. and Lewis, W.},
	Date-Added = {2010-04-13 09:35:15 -0400},
	Date-Modified = {2010-04-13 09:35:19 -0400},
	Journal = {Journal of Child Language},
	Number = {02},
	Pages = {249--268},
	Publisher = {Cambridge Univ Press},
	Title = {Infants can use distributional cues to form syntactic categories},
	Volume = {32},
	Year = {2005}}

@article{mintz2002,
	Author = {Mintz, T.H. and Newport, E.L. and Bever, T.G.},
	Date-Added = {2010-04-13 09:32:33 -0400},
	Date-Modified = {2010-04-13 09:32:37 -0400},
	Journal = {Cognitive Science: A Multidisciplinary Journal},
	Number = {4},
	Pages = {393--424},
	Publisher = {Psychology Press},
	Title = {The distributional structure of grammatical categories in speech to young children},
	Volume = {26},
	Year = {2002}}

@article{cartwright1997,
	Author = {Cartwright, T.A. and Brent, M.R.},
	Date-Added = {2010-04-13 09:32:17 -0400},
	Date-Modified = {2010-04-13 09:32:28 -0400},
	Journal = {Cognition},
	Number = {2},
	Pages = {121--170},
	Publisher = {Elsevier},
	Title = {Syntactic categorization in early language acquisition: Formalizing the role of distributional analysis},
	Volume = {63},
	Year = {1997}}

@conference{parisien2008,
	Author = {Parisien, C. and Fazly, A. and Stevenson, S.},
	Booktitle = {Proceedings of the Twelfth Conference on Computational Natural Language Learning},
	Date-Added = {2010-04-13 09:31:37 -0400},
	Date-Modified = {2010-04-19 11:10:38 -0400},
	Organization = {Association for Computational Linguistics},
	Pages = {89--96},
	Title = {{An incremental Bayesian model for learning syntactic categories}},
	Year = {2008}}

@incollection{goldwater2005,
	Address = {Cambridge, MA},
	Author = {Sharon Goldwater and Tom Griffiths and Mark Johnson},
	Booktitle = {Advances in Neural Information Processing Systems 18},
	Date-Added = {2010-04-12 16:28:30 -0400},
	Date-Modified = {2010-04-12 16:28:30 -0400},
	Editor = {Y. Weiss and B. Sch\"{o}lkopf and J. Platt},
	Pages = {459--466},
	Publisher = {MIT Press},
	Title = {Interpolating between types and tokens by estimating power-law generators},
	Year = {2006}}

@article{fernald1998,
	Author = {Fernald, A. and Pinto, J.P. and Swingley, D. and Weinbergy, A. and McRoberts, G.W.},
	Date-Added = {2010-04-12 16:22:17 -0400},
	Date-Modified = {2010-04-12 16:22:24 -0400},
	Journal = {Psychological Science},
	Number = {3},
	Pages = {228},
	Publisher = {SAGE Publications},
	Title = {Rapid gains in speed of verbal processing by infants in the 2nd year},
	Volume = {9},
	Year = {1998}}

@conference{johnson2008,
	Author = {Johnson, M.},
	Booktitle = {46th Annual Meeting of the ACL},
	Date-Added = {2010-04-12 15:53:18 -0400},
	Date-Modified = {2010-04-12 15:53:20 -0400},
	Pages = {398--406},
	Title = {Using adaptor grammars to identify synergies in the unsupervised acquisition of linguistic structure},
	Year = {2008}}

@inproceedings{johnson2009,
	Author = {Johnson, M. H. and Goldwater, S.},
	Booktitle = {Proceedings of Human Language Technologies: The 2009 Annual Conference of the North American Chapter of the Association for Computational Linguistics},
	Date-Added = {2010-04-12 15:34:17 -0400},
	Date-Modified = {2010-04-12 15:34:17 -0400},
	Pages = {317-325},
	Title = {Improving nonparameteric Bayesian inference: experiments on unsupervised word segmentation with adaptor grammars},
	Year = {2009}}

@article{klein2005,
	Author = {Klein, D. and Manning, C. D.},
	Date-Added = {2010-04-12 15:16:28 -0400},
	Date-Modified = {2010-04-12 15:16:28 -0400},
	Journal = {Pattern Recognition},
	Pages = {1407--1419},
	Title = {Natural language grammar induction with a generative constituent-context model},
	Volume = {38},
	Year = {2005}}

@article{kemp2008,
	Author = {Kemp, C. and Goodman, N.D. and Tenenbaum, J.B.},
	Date-Added = {2010-04-12 15:16:19 -0400},
	Date-Modified = {2010-04-12 15:16:19 -0400},
	Journal = {Advances in Neural Information Processing Systems},
	Pages = {753--760},
	Publisher = {Citeseer},
	Title = {Learning and using relational theories},
	Volume = {20},
	Year = {2008}}

@inproceedings{liang2009,
	Author = {Liang, P. and Klein, D.},
	Booktitle = {{Proceedings of Human Language Technologies: The 2009 Annual Conference of the North American Chapter of the Association for Computational Linguistics}},
	Date-Added = {2010-04-12 15:15:08 -0400},
	Date-Modified = {2010-04-12 15:15:08 -0400},
	Organization = {Association for Computational Linguistics},
	Pages = {611--619},
	Title = {{Online EM for Unsupervised Models}},
	Year = {2009}}

@article{toscano2010,
	Author = {Toscano, J. C. and McMurray, B.},
	Date-Added = {2010-04-12 14:42:39 -0400},
	Date-Modified = {2010-04-12 15:17:00 -0400},
	Journal = {Cognitive Science},
	Pages = {434--464},
	Publisher = {John Wiley \& Sons},
	Title = {Cue Integration With Categories: Weighting Acoustic Cues in Speech Using Unsupervised Learning and Distributional Statistics},
	Volume = {34},
	Year = {2010}}

@article{mcmurray2009,
	Author = {McMurray, B. and Aslin, R.N. and Toscano, J.C.},
	Date-Added = {2010-04-12 14:42:07 -0400},
	Date-Modified = {2010-04-12 14:42:41 -0400},
	Journal = {Developmental science},
	Number = {3},
	Pages = {369},
	Publisher = {NIH Public Access},
	Title = {Statistical learning of phonetic categories: insights from a computational approach},
	Volume = {12},
	Year = {2009}}

@conference{wong2007,
	Author = {Wong, Y.W. and Mooney, R.},
	Booktitle = {{Annual meeting of the Association for Computational Linguistics}},
	Date-Added = {2010-04-12 11:28:22 -0400},
	Date-Modified = {2010-04-19 16:49:29 -0400},
	Pages = {960},
	Title = {Learning synchronous grammars for semantic parsing with lambda calculus},
	Volume = {45},
	Year = {2007}}

@conference{kate2006,
	Author = {Kate, R.J. and Mooney, R.J.},
	Booktitle = {Proceedings of the 21st International Conference on Computational Linguistics and the 44th annual meeting of the Association for Computational Linguistics},
	Date-Added = {2010-04-12 11:28:21 -0400},
	Date-Modified = {2010-04-12 11:28:26 -0400},
	Organization = {Association for Computational Linguistics},
	Pages = {913--920},
	Title = {Using string-kernels for learning semantic parsers},
	Year = {2006}}

@article{thothathiri2008,
	Author = {Thothathiri, M. and Snedeker, J.},
	Date-Added = {2010-04-12 11:26:04 -0400},
	Date-Modified = {2010-04-12 11:26:16 -0400},
	Journal = {Journal of Memory and Language},
	Number = {2},
	Pages = {188--213},
	Publisher = {Elsevier},
	Title = {Syntactic priming during language comprehension in three-and four-year-old children},
	Volume = {58},
	Year = {2008}}

@article{bock1986,
	Author = {Bock, J.K.},
	Date-Added = {2010-04-12 11:17:16 -0400},
	Date-Modified = {2010-04-20 13:23:02 -0400},
	Journal = {Cognitive Psychology},
	Number = {3},
	Pages = {355--387},
	Publisher = {Elsevier},
	Title = {Syntactic persistence in language production},
	Volume = {18},
	Year = {1986}}

@book{steedman2000,
	Author = {Steedman, M.},
	Date-Added = {2010-04-12 11:11:47 -0400},
	Date-Modified = {2010-04-12 11:11:49 -0400},
	Publisher = {MIT Press},
	Title = {The syntactic process},
	Year = {2000}}

@conference{zettlemoyer2009,
	Author = {Zettlemoyer, L.S. and Collins, M.},
	Booktitle = {Proceedings of the Joint Conference of the 47th Annual Meeting of the ACL and the 4th International Joint Conference on Natural Language Processing of the AFNLP: Volume 2-Volume 2},
	Date-Added = {2010-04-12 11:08:30 -0400},
	Date-Modified = {2010-04-12 11:11:49 -0400},
	Organization = {Association for Computational Linguistics},
	Pages = {976--984},
	Title = {Learning context-dependent mappings from sentences to logical form},
	Year = {2009}}

@conference{zettlemoyer2007,
	Author = {Zettlemoyer, L.S. and Collins, M.},
	Booktitle = {Proceedings of the 2007 Joint Conference on Empirical Methods in Natural Language Processing and Computational Natural Language Learning (EMNLP-CoNLL)},
	Date-Added = {2010-04-12 11:08:29 -0400},
	Date-Modified = {2010-04-12 11:11:49 -0400},
	Organization = {Citeseer},
	Pages = {678--687},
	Title = {Online learning of relaxed CCG grammars for parsing to logical form},
	Year = {2007}}

@conference{zettlemoyer2005,
	Author = {Zettlemoyer, L.S. and Collins, M.},
	Booktitle = {Proc. of UAI},
	Date-Added = {2010-04-12 11:08:20 -0400},
	Date-Modified = {2010-04-12 11:11:49 -0400},
	Organization = {Citeseer},
	Title = {Learning to map sentences to logical form: Structured classification with probabilistic categorial grammars},
	Volume = {5},
	Year = {2005}}

@conference{clark2006,
	Author = {Clark, A. and Eyraud, R.},
	Booktitle = {Tenth Conference on Computational Natural Language Learning},
	Date-Added = {2010-04-12 11:04:01 -0400},
	Date-Modified = {2010-04-12 11:04:12 -0400},
	Title = {Learning auxiliary fronting with grammatical inference},
	Year = {2006}}

@article{clark2007,
	Author = {Clark, A. and Eyraud, R.},
	Date-Added = {2010-04-12 11:03:59 -0400},
	Date-Modified = {2010-04-12 11:04:12 -0400},
	Journal = {Journal of Machine Learning Research},
	Pages = {1725--1745},
	Publisher = {Citeseer},
	Title = {Polynomial identification in the limit of substitutable context-free languages},
	Volume = {8},
	Year = {2007}}

@article{stolcke1994,
	Author = {Stolcke, A. and Omohundro, S.},
	Date-Added = {2010-04-12 11:00:50 -0400},
	Date-Modified = {2010-04-12 11:00:52 -0400},
	Journal = {Grammatical Inference and Applications},
	Pages = {106--118},
	Publisher = {Springer},
	Title = {Inducing probabilistic grammars by Bayesian model merging},
	Year = {1994}}

@conference{carroll1992,
	Author = {Carroll, G. and Charniak, E.},
	Booktitle = {Working Notes of the Workshop Statistically-Based NLP Techniques},
	Date-Added = {2010-04-12 11:00:33 -0400},
	Date-Modified = {2010-04-12 11:00:52 -0400},
	Pages = {1--13},
	Title = {Two experiments on learning probabilistic dependency grammars from corpora},
	Year = {1992}}

@conference{wolff1978,
	Author = {Wolff, J.G.},
	Booktitle = {Proceedings of the AISB/GI conference on Artificial Intelligence},
	Date-Added = {2010-04-12 10:59:14 -0400},
	Date-Modified = {2010-04-12 10:59:17 -0400},
	Pages = {375},
	Title = {Grammar discovery as data compression},
	Year = {1978}}

@article{thiessen2007,
	Author = {Thiessen, E.D. and Saffran, J.R.},
	Date-Added = {2010-04-12 10:55:11 -0400},
	Date-Modified = {2010-04-12 15:17:07 -0400},
	Journal = {Language Learning and Development},
	Number = {1},
	Pages = {73--100},
	Publisher = {Psychology Press},
	Title = {Learning to learn: Infants' acquisition of stress-based strategies for word segmentation},
	Volume = {3},
	Year = {2007}}

@article{thiessen2003,
	Author = {Thiessen, E.D. and Saffran, J.R.},
	Date-Added = {2010-04-12 10:55:03 -0400},
	Date-Modified = {2010-04-12 15:17:07 -0400},
	Journal = {Developmental Psychology},
	Number = {4},
	Pages = {706--716},
	Title = {When cues collide: Use of stress and statistical cues to word boundaries by 7-to 9-month-old infants.},
	Volume = {39},
	Year = {2003}}

@article{johnson2001,
	Author = {Johnson, E.K. and Jusczyk, P.W.},
	Date-Added = {2010-04-12 10:54:55 -0400},
	Date-Modified = {2010-04-20 13:22:04 -0400},
	Journal = {Journal of Memory and Language},
	Number = {4},
	Pages = {548--567},
	Publisher = {Elsevier},
	Title = {Word Segmentation by 8-Month-Olds: When Speech Cues Count More Than Statistics},
	Volume = {44},
	Year = {2001}}

@conference{feldman2009b,
	Author = {Feldman, N.H. and Griffiths, T.L. and Morgan, J.L.},
	Booktitle = {{Proceedings of the 31st Annual Conference of the Cognitive Science Society}},
	Date-Added = {2010-04-12 10:52:17 -0400},
	Date-Modified = {2010-04-12 15:16:42 -0400},
	Title = {Learning phonetic categories by learning a lexicon},
	Year = {2009}}

@conference{kachergis2009,
	Author = {Kachergis, G. and Yu, C. and Shiffrin, R.M.},
	Booktitle = {Proceedings of the 31st Annual Conference of the Cognitive Science Society. Austin, TX: Cognitive Science Society},
	Date-Added = {2010-04-12 10:28:01 -0400},
	Date-Modified = {2010-04-12 10:28:03 -0400},
	Title = {Frequency and Contextual Diversity Effects in Cross-Situational Word Learning},
	Year = {2009}}

@article{kachergis2010,
	Author = {Kachergis, G. and Yu, C. and Shiffrin, R.M.},
	Date-Added = {2010-04-12 10:27:57 -0400},
	Date-Modified = {2010-04-12 10:28:03 -0400},
	Journal = {T. Gangwani/IUJCS},
	Pages = {14},
	Title = {Temporal Contiguity in Cross-Situational Statistical Learning},
	Volume = {5},
	Year = {2010}}

@conference{yurovsky2008,
	Author = {Yurovsky, D. and Yu, C.},
	Booktitle = {Proceedings of the 30th Annual Conference of the Cognitive Science Society},
	Date-Added = {2010-04-12 10:27:42 -0400},
	Date-Modified = {2010-04-12 10:28:03 -0400},
	Pages = {715--720},
	Title = {Mutual exclusivity in crosssituational statistical learning},
	Year = {2008}}

@inproceedings{ichinco2009,
	Author = {Ichinco, D. and Frank, M.C. and Saxe, R.},
	Booktitle = {{Proceedings of the 31st Annual Meeting of the Cognitive Science Society}},
	Date-Added = {2010-04-12 10:26:59 -0400},
	Date-Modified = {2010-04-12 10:27:21 -0400},
	Title = {Cross-situational Word Learning Respects Mutual Exclusivity},
	Year = {2009}}

@article{jones1991,
	Author = {Jones, S.S. and Smith, L.B. and Landau, B.},
	Date-Added = {2010-04-12 09:53:53 -0400},
	Date-Modified = {2010-04-12 09:53:56 -0400},
	Journal = {Child development},
	Number = {3},
	Pages = {499--516},
	Publisher = {University of Chicago Press},
	Title = {Object properties and knowledge in early lexical learning},
	Volume = {62},
	Year = {1991}}

@article{landau1992,
	Author = {Landau, B. and Smith, L.B. and Jones, S.},
	Date-Added = {2010-04-12 09:53:31 -0400},
	Date-Modified = {2010-04-12 09:53:56 -0400},
	Journal = {Journal of Memory and Language},
	Number = {6},
	Pages = {807--825},
	Title = {Syntactic context and the shape bias in children's and adults' lexical learning.},
	Volume = {31},
	Year = {1992}}

@article{kemp2007,
	Author = {Kemp, C. and Perfors, A. and Tenenbaum, J.B.},
	Date-Added = {2010-04-12 09:50:45 -0400},
	Date-Modified = {2010-04-12 09:50:51 -0400},
	Journal = {Developmental Science},
	Number = {3},
	Pages = {307--321},
	Publisher = {Citeseer},
	Title = {Learning overhypotheses with hierarchical Bayesian models},
	Volume = {10},
	Year = {2007}}

@article{smith2002,
	Author = {Smith, L.B. and Jones, S.S. and Landau, B. and Gershkoff-Stowe, L. and Samuelson, L.},
	Date-Added = {2010-04-12 09:49:38 -0400},
	Date-Modified = {2010-04-12 09:49:56 -0400},
	Journal = {Psychological Science},
	Number = {1},
	Pages = {13},
	Publisher = {SAGE Publications},
	Title = {Object name learning provides on-the-job training for attention},
	Volume = {13},
	Year = {2002}}

@article{macwhinney1989,
	Author = {MacWhinney, B.},
	Date-Added = {2010-04-12 09:39:37 -0400},
	Date-Modified = {2010-04-12 09:39:39 -0400},
	Journal = {Linguistic categorization},
	Pages = {195--242},
	Publisher = {John Benjamins Publishing Co},
	Title = {Competition and lexical categorization},
	Year = {1989}}

@article{gillette1999,
	Author = {Gillette, J. and Gleitman, H. and Gleitman, L. and Lederer, A.},
	Date-Added = {2010-04-12 09:35:01 -0400},
	Date-Modified = {2010-04-12 09:35:06 -0400},
	Journal = {Cognition},
	Number = {2},
	Pages = {135--176},
	Title = {Human simulations of vocabulary learning},
	Volume = {73},
	Year = {1999}}

@book{pinker1984,
	Address = {Cambridge, MA},
	Author = {Pinker, S.},
	Date-Added = {2010-04-12 09:32:56 -0400},
	Date-Modified = {2010-04-12 09:33:12 -0400},
	Publisher = {Harvard University Press},
	Title = {Language learnability and language development},
	Year = {1984}}

@article{spelke1992,
	Author = {Spelke, E.S. and Breinlinger, K. and Macomber, J. and Jacobson, K.},
	Date-Added = {2010-04-12 09:26:48 -0400},
	Date-Modified = {2010-04-12 09:26:50 -0400},
	Journal = {Psychological Review},
	Number = {4},
	Pages = {605--632},
	Title = {Origins of knowledge.},
	Volume = {99},
	Year = {1992}}

@book{pollard1994,
	Author = {Pollard, C.J. and Sag, I.A.},
	Date-Added = {2010-04-11 23:36:53 -0400},
	Date-Modified = {2010-04-11 23:37:01 -0400},
	Publisher = {University of Chicago Press},
	Title = {Head-driven phrase structure grammar},
	Year = {1994}}

@book{bresnan2001,
	Author = {Bresnan, J.},
	Date-Added = {2010-04-11 23:36:08 -0400},
	Date-Modified = {2010-04-11 23:37:01 -0400},
	Publisher = {Wiley-Blackwell},
	Title = {Lexical-functional syntax},
	Year = {2001}}

@article{collins2003,
	Author = {Collins, M.},
	Date-Added = {2010-04-11 23:35:25 -0400},
	Date-Modified = {2010-04-11 23:35:29 -0400},
	Journal = {Computational linguistics},
	Number = {4},
	Pages = {589--637},
	Publisher = {MIT Press},
	Title = {Head-driven statistical models for natural language parsing},
	Volume = {29},
	Year = {2003}}

@article{saffran1999,
	Author = {Saffran, J. R. and Johnson, E. K. and Aslin, R. N. and Newport, E. L.},
	Date-Added = {2010-04-10 18:50:39 -0400},
	Date-Modified = {2010-04-10 18:50:39 -0400},
	Journal = {Cognition},
	Number = {1},
	Pages = {27-52},
	Title = {Statistical learning of tone sequences by human infants and adults},
	Volume = {70},
	Year = {1999}}

@article{feldman2009,
	Author = {Feldman, N.H. and Griffiths, T.L. and Morgan, J.L.},
	Date-Added = {2010-04-10 18:50:16 -0400},
	Date-Modified = {2010-04-10 18:50:18 -0400},
	Journal = {Psychological review},
	Number = {4},
	Pages = {752--782},
	Publisher = {American Psychological Association. Journals Department, 750 First Street NE, Washington, DC 20002-4242. Tel: 800-374-2721; Tel: 202-336-5510; Fax: 202-336-5502; e-mail: order@ apa. org; Web site: http://www. apa. org/publications},
	Title = {The influence of categories on perception: Explaining the perceptual magnet effect as optimal statistical inference},
	Volume = {116},
	Year = {2009}}

@article{rasmussen2000,
	Author = {Rasmussen, C.E.},
	Date-Added = {2010-04-10 13:28:50 -0400},
	Date-Modified = {2010-04-10 13:28:52 -0400},
	Journal = {Advances in neural information processing systems},
	Pages = {554--560},
	Publisher = {Citeseer},
	Title = {The infinite Gaussian mixture model},
	Volume = {12},
	Year = {2000}}

@article{maye2008,
	Author = {Maye, J. and Weiss, D.J. and Aslin, R.N.},
	Date-Added = {2010-04-10 13:18:50 -0400},
	Date-Modified = {2010-04-10 13:18:53 -0400},
	Journal = {Developmental Science},
	Number = {1},
	Pages = {122},
	Publisher = {Citeseer},
	Title = {Statistical phonetic learning in infants: Facilitation and feature generalization},
	Volume = {11},
	Year = {2008}}

@article{vallabha2007,
	Author = {Vallabha, G.K. and McClelland, J.L. and Pons, F. and Werker, J.F. and Amano, S.},
	Date-Added = {2010-04-10 13:14:58 -0400},
	Date-Modified = {2010-04-10 13:15:01 -0400},
	Journal = {Proceedings of the National Academy of Sciences},
	Number = {33},
	Pages = {13273},
	Publisher = {National Acad Sciences},
	Title = {Unsupervised learning of vowel categories from infant-directed speech},
	Volume = {104},
	Year = {2007}}

@article{kuhl1992,
	Author = {Kuhl, P.K. and Williams, K.A. and Lacerda, F. and Stevens, K. N. and Lindbloom, B.},
	Date-Added = {2010-04-10 13:01:59 -0400},
	Date-Modified = {2010-04-10 13:02:47 -0400},
	Journal = {Science},
	Pages = {606--608},
	Title = {Linguistic experience alters phonetic perception in infants by 6 months of age},
	Volume = {255},
	Year = {1992}}

@article{werker1984,
	Author = {Werker, J.F. and Tees, R.C.},
	Date-Added = {2010-04-10 13:00:52 -0400},
	Date-Modified = {2010-04-20 13:19:29 -0400},
	Journal = {Infant Behavior and Development},
	Number = {1},
	Pages = {49--63},
	Publisher = {Elsevier},
	Title = {Cross-language speech perception: Evidence for perceptual reorganization during the first year of life},
	Volume = {7},
	Year = {1984}}

@article{kuhl1975,
	Author = {Kuhl, PK and Miller, JD},
	Date-Added = {2010-04-10 13:00:43 -0400},
	Date-Modified = {2010-04-10 13:02:02 -0400},
	Journal = {Science},
	Number = {4209},
	Pages = {69},
	Publisher = {AAAS},
	Title = {Speech perception by the chinchilla: Voiced-voiceless distinction in alveolar plosive consonants},
	Volume = {190},
	Year = {1975}}

@article{eimas1971,
	Author = {Eimas, P.D. and Siqueland, E.R. and Jusczyk, P. and Vigorito, J.},
	Date-Added = {2010-04-10 13:00:31 -0400},
	Date-Modified = {2010-04-10 13:02:02 -0400},
	Journal = {Science},
	Number = {3968},
	Pages = {303},
	Publisher = {AAAS},
	Title = {Speech perception in infants},
	Volume = {171},
	Year = {1971}}

@article{maye2002,
	Author = {Maye, J. and Werker, J.F. and Gerken, L.A.},
	Date-Added = {2010-04-10 12:53:26 -0400},
	Date-Modified = {2010-04-10 12:53:49 -0400},
	Journal = {Cognition},
	Title = {Infant sensitivity to distributional information can affect phonetic discrimination},
	Volume = {82},
	Year = {2002}}

@article{endress2009,
	Author = {Endress, A. and Mehler, J.},
	Date-Added = {2010-04-10 12:46:12 -0400},
	Date-Modified = {2010-04-10 12:46:12 -0400},
	Journal = {Journal of Memory and Language},
	Number = {3},
	Pages = {351--367},
	Title = {{The surprising power of statistical learning: When fragment knowledge leads to false memories of unheard words}},
	Volume = {60},
	Year = {2009}}

@article{orban2008,
	Author = {Orb{\'a}n, G. and Fiser, J. and Aslin, R. N. and Lengyel, M.},
	Date-Added = {2010-04-10 12:37:35 -0400},
	Date-Modified = {2010-04-10 12:37:35 -0400},
	Journal = {Proceedings of the National Academy of Sciences},
	Pages = {2745--2750},
	Title = {{Bayesian learning of visual chunks by human observers Bayesian learning of visual chunks by human observers}},
	Volume = {105},
	Year = {2008}}

@article{giroux2009,
	Author = {Giroux, I. and Rey, A.},
	Date-Added = {2010-04-10 12:37:28 -0400},
	Date-Modified = {2010-04-10 12:37:28 -0400},
	Journal = {Cognitive Science},
	Pages = {260-272},
	Title = {Lexical and Sublexical Units in Speech Perception},
	Volume = {33},
	Year = {2009}}

@article{toro2005,
	Author = {Toro, J. M. and Trobalon, J. B.},
	Date-Added = {2010-04-10 12:36:53 -0400},
	Date-Modified = {2010-04-10 12:36:53 -0400},
	Journal = {Perception and Psychophysics},
	Number = {5},
	Pages = {867-875},
	Title = {Statistical computations over a speech stream in a rodent},
	Volume = {67},
	Year = {2005}}

@article{hauser2001,
	Author = {Hauser, M. D. and Newport, E. L. and Aslin, R. N.},
	Date-Added = {2010-04-10 12:36:48 -0400},
	Date-Modified = {2010-04-10 12:36:48 -0400},
	Journal = {Cognition},
	Pages = {B53-B64},
	Title = {Segmentation of the speech stream in a human primate: statistical learning in cotton-top tamarins},
	Volume = {78},
	Year = {2001}}

@article{conway2005,
	Author = {Conway, C. M. and Christiansen, M. H.},
	Date-Added = {2010-04-10 12:36:33 -0400},
	Date-Modified = {2010-04-10 12:36:33 -0400},
	Journal = {Journal of Experimental Psychology Learning Memory and Cognition},
	Number = {1},
	Pages = {24-3916},
	Title = {Modality-Constrained Statistical Learning of Tactile, Visual, and Auditory Sequences},
	Volume = {31},
	Year = {2005}}

@article{fiser2002,
	Author = {Fiser, J. and Aslin, R. N.},
	Date-Added = {2010-04-10 12:36:28 -0400},
	Date-Modified = {2010-04-10 12:36:28 -0400},
	Journal = {Proceedings of the National Academy of Sciences},
	Number = {24},
	Pages = {15822-15826},
	Title = {Statistical learning of new visual feature combinations by infants},
	Volume = {99},
	Year = {2002}}

@article{kirkham2002,
	Author = {Kirkham, N. Z. and Slemmer, J. A. and Johnson, S. P.},
	Date-Added = {2010-04-10 12:36:23 -0400},
	Date-Modified = {2010-04-10 12:36:23 -0400},
	Journal = {Cognition},
	Pages = {B35-B42},
	Title = {Visual statistical learning in infancy: evidence for a domain general learning mechanism},
	Volume = {83},
	Year = {2002}}

@book{jusczyk2000,
	Author = {Jusczyk, P.W.},
	Date-Added = {2010-04-10 12:18:35 -0400},
	Date-Modified = {2010-04-10 12:18:41 -0400},
	Publisher = {The MIT Press},
	Title = {The discovery of spoken language},
	Year = {2000}}

@book{harris1951,
	Address = {Chicago, IL},
	Author = {Harris, Z. S.},
	Date-Added = {2010-04-09 15:40:44 -0400},
	Date-Modified = {2010-04-09 15:40:44 -0400},
	Publisher = {University of Chicago Press},
	Title = {Methods in structural linguistics},
	Year = {1951}}

@article{hoff-ginsberg1990,
	Author = {Hoff-Ginsberg, E.},
	Date-Added = {2010-04-09 15:35:21 -0400},
	Date-Modified = {2010-04-09 15:35:50 -0400},
	Journal = {Journal of Child Language},
	Number = {01},
	Pages = {85--99},
	Publisher = {Cambridge University Press},
	Title = {Maternal speech and the child's development of syntax: A further look},
	Volume = {17},
	Year = {1990}}

@article{hoff-ginsberg1986,
	Author = {Hoff-Ginsberg, E.},
	Date-Added = {2010-04-09 15:35:12 -0400},
	Date-Modified = {2010-04-09 15:35:41 -0400},
	Journal = {Developmental Psychology},
	Number = {2},
	Pages = {155--163},
	Title = {Function and structure in maternal speech: Their relation to the child's development of syntax.},
	Volume = {22},
	Year = {1986}}

@article{snow1972,
	Author = {Snow, C.E.},
	Date-Added = {2010-04-09 15:31:24 -0400},
	Date-Modified = {2010-04-09 15:31:26 -0400},
	Journal = {Child development},
	Number = {2},
	Pages = {549--565},
	Publisher = {University of Chicago Press},
	Title = {Mothers' speech to children learning language},
	Volume = {43},
	Year = {1972}}

@incollection{kuntay1996,
	Author = {Kuntay, A. and Slobin, D. I.},
	Booktitle = {Social interaction, social context, and language},
	Date-Added = {2010-04-09 14:09:37 -0400},
	Date-Modified = {2010-04-09 15:41:10 -0400},
	Journal = {Social interaction, social context, and language: essays in honor of Susan Ervin-Tripp},
	Pages = {265},
	Publisher = {Listening to a Turkish mother: some puzzles for acquisition},
	Title = {Listening to a Turkish mother: some puzzles for acquisition},
	Year = {1996}}

@book{stern2002,
	Address = {Cambridge, MA},
	Author = {Stern, D. N.},
	Date-Added = {2010-04-09 14:05:33 -0400},
	Date-Modified = {2010-04-09 14:06:01 -0400},
	Publisher = {Harvard University PressPr},
	Title = {The first relationship: Infant and mother},
	Year = {2002}}

@phdthesis{waterfall2006,
	Author = {Waterfall, H.},
	Date-Added = {2010-04-09 13:59:52 -0400},
	Date-Modified = {2010-04-09 14:00:22 -0400},
	School = {University of Chicago},
	Title = {A little change is a good thing: Feature Theory, Language Acquisition and Variation Sets},
	Year = {2006}}

@article{waterfall2009,
	Author = {Waterfall, H. and Edelman, S.},
	Date-Added = {2010-04-09 13:59:19 -0400},
	Date-Modified = {2010-04-09 14:05:39 -0400},
	Journal = {Behavioral and Brain Sciences},
	Number = {05},
	Pages = {471--472},
	Publisher = {Cambridge Univ Press},
	Title = {The neglected universals: Learnability constraints and discourse cues},
	Volume = {32},
	Year = {2009}}

@article{onnis2008,
	Author = {Onnis, L. and Waterfall, H.R. and Edelman, S.},
	Date-Added = {2010-04-09 13:58:01 -0400},
	Date-Modified = {2010-04-09 13:58:03 -0400},
	Journal = {Cognition},
	Number = {3},
	Pages = {423--430},
	Publisher = {Elsevier},
	Title = {Learn locally, act globally: Learning language from variation set cues},
	Volume = {109},
	Year = {2008}}

@conference{brodsky2007,
	Author = {Brodsky, P. and Waterfall, HR and Edelman, S.},
	Booktitle = {Proceedings of the 29th Cognitive Science Society Conference, ed. DS McNamara \& JG Trafton},
	Date-Added = {2010-04-09 13:44:41 -0400},
	Date-Modified = {2010-04-09 13:57:55 -0400},
	Organization = {Citeseer},
	Pages = {833--38},
	Title = {Characterizing motherese: On the computational structure of child-directed language},
	Year = {2007}}

@article{lester1985,
	Author = {Lester, B.M. and Hoffman, J. and Brazelton, T.B.},
	Date-Added = {2010-04-09 13:39:28 -0400},
	Date-Modified = {2010-04-09 13:39:32 -0400},
	Journal = {Child Development},
	Number = {1},
	Pages = {15--27},
	Publisher = {University of Chicago Press},
	Title = {The rhythmic structure of mother-infant interaction in term and preterm infants},
	Volume = {56},
	Year = {1985}}

@article{chouinard2003,
	Author = {Chouinard, M.M. and Clark, E.V.},
	Date-Added = {2010-04-09 13:06:46 -0400},
	Date-Modified = {2010-04-09 15:41:18 -0400},
	Journal = {Journal of Child Language},
	Number = {03},
	Pages = {637--669},
	Publisher = {Cambridge Univ Press},
	Title = {Adult reformulations of child errors as negative evidence},
	Volume = {30},
	Year = {2003}}

@article{mcmurray2010,
	Author = {McMurray, B. and Horst, J. S. and Samuelson, L. K.},
	Date-Added = {2010-04-09 12:47:52 -0400},
	Date-Modified = {2010-04-20 13:21:03 -0400},
	Title = {Using your lexicon at two timescales: Investigating the interplay of word learning and recognition},
	Year = {under review}}

@article{reiter1997,
	Author = {Reiter, E. and Dale, R.},
	Date-Added = {2010-04-09 11:17:55 -0400},
	Date-Modified = {2010-04-09 11:18:34 -0400},
	Journal = {Natural Language Engineering},
	Number = {01},
	Pages = {57--87},
	Publisher = {Cambridge Univ Press},
	Title = {Building applied natural language generation systems},
	Volume = {3},
	Year = {1997}}

@article{dale1995,
	Author = {Dale, R. and Reiter, E.},
	Date-Added = {2010-04-09 11:17:41 -0400},
	Date-Modified = {2010-04-09 11:18:34 -0400},
	Journal = {Cognitive Science: A Multidisciplinary Journal},
	Number = {2},
	Pages = {233--263},
	Publisher = {Psychology Press},
	Title = {Computational interpretations of the Gricean maxims in the generation of referring expressions},
	Volume = {19},
	Year = {1995}}

@book{benz2005,
	Address = {London, UK},
	Author = {Benz, A. and J\"ager, G. and Van Rooij, R.},
	Date-Added = {2010-04-09 11:15:06 -0400},
	Date-Modified = {2014-06-27 17:02:35 +0000},
	Publisher = {Palgrave Macmillan},
	Title = {Game theory and pragmatics},
	Year = {2005}}

@article{rosenberg1966,
	Author = {Rosenberg, S. and Cohen, B.D.},
	Date-Added = {2010-04-09 11:10:09 -0400},
	Date-Modified = {2010-04-09 11:31:05 -0400},
	Journal = {Psychological Review},
	Number = {3},
	Pages = {208--231},
	Title = {Referential processes of speakers and listeners.},
	Volume = {73},
	Year = {1966}}

@article{rosenberg1964,
	Author = {Rosenberg, S. and Cohen, B.D.},
	Date-Added = {2010-04-09 11:10:08 -0400},
	Date-Modified = {2010-04-09 11:31:05 -0400},
	Journal = {Science},
	Number = {3637},
	Pages = {1201},
	Publisher = {AAAS},
	Title = {Speakers' and listeners' processes in a word-communication task},
	Volume = {145},
	Year = {1964}}

@incollection{luce1963,
	Address = {New York},
	Author = {Luce, R. D.},
	Booktitle = {Handbook of Mathematical Psychology},
	Date-Added = {2010-04-09 10:47:23 -0400},
	Date-Modified = {2010-04-09 10:47:23 -0400},
	Editor = {Luce, R. D. and Bush, R. R. and Galanter, E.},
	Publisher = {Wiley},
	Title = {Detection and recognition},
	Year = {1963}}

@article{xu2008,
	Author = {Xu, F. and Garcia, V.},
	Date-Added = {2010-04-09 10:37:41 -0400},
	Date-Modified = {2010-04-09 10:37:43 -0400},
	Journal = {Proceedings of the National Academy of Sciences},
	Number = {13},
	Pages = {5012},
	Publisher = {National Acad Sciences},
	Title = {Intuitive statistics by 8-month-old infants},
	Volume = {105},
	Year = {2008}}

@article{xu2009,
	Author = {Xu, F. and Denison, S.},
	Date-Added = {2010-04-09 10:36:48 -0400},
	Date-Modified = {2010-04-09 10:37:43 -0400},
	Journal = {Cognition},
	Number = {1},
	Pages = {97--104},
	Publisher = {Elsevier},
	Title = {Statistical inference and sensitivity to sampling in 11-month-old infants},
	Volume = {112},
	Year = {2009}}

@article{yu2005,
	Author = {Yu, C. and Ballard, D.H. and Aslin, R.N.},
	Date-Added = {2010-04-09 09:35:34 -0400},
	Date-Modified = {2010-04-09 09:35:36 -0400},
	Journal = {Cognitive Science: A Multidisciplinary Journal},
	Number = {6},
	Pages = {961--1005},
	Publisher = {Psychology Press},
	Title = {The role of embodied intention in early lexical acquisition},
	Volume = {29},
	Year = {2005}}

@article{yang2004,
	Author = {Yang, C.D.},
	Date-Added = {2010-04-08 17:16:28 -0400},
	Date-Modified = {2010-04-08 17:16:28 -0400},
	Journal = {Trends in Cognitive Sciences},
	Number = {10},
	Pages = {451--456},
	Publisher = {Elsevier},
	Title = {{Universal Grammar, statistics or both?}},
	Volume = {8},
	Year = {2004}}

@article{perruchet1998,
	Author = {Perruchet, P. and Vinter, A.},
	Date-Added = {2010-04-08 17:16:20 -0400},
	Date-Modified = {2010-04-08 17:16:20 -0400},
	Journal = {Journal of Memory and Language},
	Number = {246-263},
	Title = {{PARSER: A model for word segmentation}},
	Volume = {39},
	Year = {1998}}

@article{perruchet2003,
	Author = {Perruchet, P. and Vinter, A.},
	Date-Added = {2010-04-08 17:16:20 -0400},
	Date-Modified = {2010-04-08 17:16:20 -0400},
	Journal = {Behavioral and Brain Sciences},
	Number = {03},
	Pages = {360--380},
	Publisher = {Cambridge Univ Press},
	Title = {The self-organizing consciousness as an alternative model of the mind},
	Volume = {25},
	Year = {2003}}

@article{swingley2005,
	Author = {Swingley, D.},
	Date-Added = {2010-04-08 17:16:20 -0400},
	Date-Modified = {2010-04-08 17:16:20 -0400},
	Journal = {Cognitive Psychology},
	Pages = {86-132},
	Title = {Statistical clustering and the contents of the infant vocabulary},
	Volume = {50},
	Year = {2005}}

@article{brent1999a,
	Author = {Brent, M. R.},
	Date-Added = {2010-04-08 17:16:00 -0400},
	Date-Modified = {2010-04-08 17:16:00 -0400},
	Journal = {Trends in Cognitive Sciences},
	Number = {8},
	Pages = {294--301},
	Publisher = {Elsevier Ltd},
	Title = {{Speech segmentation and word discovery: A computational perspective}},
	Volume = {3},
	Year = {1999}}

@article{brent1999b,
	Author = {Brent, M. R.},
	Date-Added = {2010-04-08 17:16:00 -0400},
	Date-Modified = {2010-04-08 17:16:00 -0400},
	Journal = {Machine Learning},
	Number = {1},
	Pages = {71-105},
	Title = {An Efficient, Probabilistically Sound Algorithm for Segmentation and Word Discovery},
	Volume = {34},
	Year = {1999}}

@article{aslin1998,
	Author = {Aslin, R. N. and Saffran, J. R. and Newport, E. L.},
	Date-Added = {2010-04-08 17:10:51 -0400},
	Date-Modified = {2010-04-08 17:10:51 -0400},
	Journal = {Psychological Science},
	Number = {4},
	Pages = {321-324},
	Title = {Computation of Conditional Probability Statistics by 8-Month-Old Infants},
	Volume = {9},
	Year = {1998}}

@article{eskritt2008,
	Author = {Eskritt, M. and Whalen, J. and Lee, K.},
	Date-Added = {2010-04-08 17:10:01 -0400},
	Date-Modified = {2010-04-08 17:10:04 -0400},
	Journal = {British Journal of Developmental Psychology},
	Number = {3},
	Pages = {435--443},
	Publisher = {British Psychological Society},
	Title = {Preschoolers can recognize violations of the Gricean maxims},
	Volume = {26},
	Year = {2008}}

@article{xu2007b,
	Author = {Xu, F. and Tenenbaum, J.B.},
	Date-Added = {2010-04-08 17:00:51 -0400},
	Date-Modified = {2010-04-08 17:00:55 -0400},
	Journal = {Developmental Science},
	Number = {3},
	Pages = {288},
	Publisher = {Citeseer},
	Title = {Sensitivity to sampling in Bayesian word learning},
	Volume = {10},
	Year = {2007}}

@article{southgate2010,
	Author = {Southgate, V. and Chevallier, C. and Csibra, G.},
	Date-Added = {2010-04-08 16:45:48 -0400},
	Date-Modified = {2014-06-27 18:54:54 +0000},
	Journal = {Developmental Science},
	Pages = {907--912},
	Publisher = {John Wiley \& Sons},
	Title = {Seventeen-month-olds appeal to false beliefs to interpret others' referential communication},
	Volume = {16},
	Year = {2010}}

@article{nadig2002,
	Author = {Nadig, A.S. and Sedivy, J.C.},
	Date-Added = {2010-04-08 15:58:39 -0400},
	Date-Modified = {2010-04-08 15:58:41 -0400},
	Journal = {Psychological Science},
	Number = {4},
	Pages = {329},
	Publisher = {SAGE Publications},
	Title = {Evidence of perspective-taking constraints in children's on-line reference resolution},
	Volume = {13},
	Year = {2002}}

@article{conti1984,
	Author = {Conti, D.J. and Camras, L.A.},
	Date-Added = {2010-04-08 15:22:58 -0400},
	Date-Modified = {2014-06-27 17:04:24 +0000},
	Journal = {Journal of Experimental Child Psychology},
	Number = {3},
	Pages = {456--463},
	Publisher = {Elsevier},
	Title = {Children's understanding of conversational principles},
	Volume = {38},
	Year = {1984}}

@article{guasti2005,
	Author = {Guasti, M.T. and Chierchia, G. and Crain, S. and Foppolo, F. and Gualmini, A. and Meroni, L.},
	Date-Added = {2010-04-08 15:11:22 -0400},
	Date-Modified = {2010-04-08 15:13:19 -0400},
	Journal = {Language and Cognitive Processes},
	Number = {5},
	Pages = {667},
	Publisher = {LAWRENCE ERLBAUM ASSOCIATES LTD},
	Title = {Why children and adults sometimes (but not always) compute implicatures},
	Volume = {20},
	Year = {2005}}

@article{papafragou2003,
	Author = {Papafragou, A. and Musolino, J.},
	Date-Added = {2010-04-08 15:11:06 -0400},
	Date-Modified = {2010-04-08 15:13:19 -0400},
	Journal = {Cognition},
	Number = {3},
	Pages = {253--282},
	Publisher = {Elsevier},
	Title = {Scalar implicatures: Experiments at the semantics-pragmatics interface},
	Volume = {86},
	Year = {2003}}

@article{noveck2001,
	Author = {Noveck, I.A.},
	Date-Added = {2010-04-08 15:07:53 -0400},
	Date-Modified = {2010-04-08 15:13:19 -0400},
	Journal = {Cognition},
	Number = {2},
	Pages = {165--188},
	Publisher = {Elsevier},
	Title = {When children are more logical than adults: Experimental investigations of scalar implicature},
	Volume = {78},
	Year = {2001}}

@conference{gualmini2001,
	Address = {Ithaca, NY},
	Author = {Gualmini, A. and Crain, S. and Meroni, L. and Chierchia, G. and Guasti, M.T.},
	Booktitle = {{Proceedings of SALT XI}},
	Date-Added = {2010-04-08 15:05:14 -0400},
	Date-Modified = {2014-06-27 18:45:57 +0000},
	Organization = {Cornell University Press},
	Pages = {231--247},
	Title = {At the semantics/pragmatics interface in child language},
	Year = {2001}}

@conference{chierchia2001,
	Author = {Chierchia, G. and Crain, S. and Guasti, M.T. and Gualmini, A. and Meroni, L.},
	Booktitle = {{Proceedings of the Boston University Conference on Language Development}},
	Date-Added = {2010-04-08 15:05:12 -0400},
	Date-Modified = {2014-06-27 17:03:51 +0000},
	Pages = {157--168},
	Title = {The acquisition of disjunction: Evidence for a grammatical view of scalar implicatures},
	Year = {2001}}

@article{glucksberg1966,
	Author = {Glucksberg, S. and Krauss, R.M. and Weisberg, R.},
	Date-Added = {2010-04-08 14:59:47 -0400},
	Date-Modified = {2010-04-20 13:22:32 -0400},
	Journal = {Journal of Experimental Child Psychology},
	Number = {4},
	Pages = {333--342},
	Publisher = {Elsevier},
	Title = {Referential communication in nursery school children: Method and some preliminary findings},
	Volume = {3},
	Year = {1966}}

@article{carpenter1998,
	Author = {Carpenter, M. and Nagell, K. and Tomasello, M. and Butterworth, G. and Moore, C.},
	Date-Added = {2010-04-08 13:37:31 -0400},
	Date-Modified = {2010-04-08 13:37:35 -0400},
	Journal = {Monographs of the society for research in child development},
	Number = {4},
	Publisher = {University of Chicago Press},
	Title = {Social cognition, joint attention, and communicative competence from 9 to 15 months of age},
	Volume = {63},
	Year = {1998}}

@article{woodward1994,
	Author = {Woodward, A.L. and Markman, E.M. and Fitzsimmons, C.M.},
	Date-Added = {2010-04-08 13:32:35 -0400},
	Date-Modified = {2010-04-08 13:32:41 -0400},
	Journal = {Developmental Psychology},
	Number = {4},
	Pages = {553--566},
	Title = {Rapid word learning in 13-and 18-month-olds},
	Volume = {30},
	Year = {1994}}

@article{jaswal2006,
	Author = {Jaswal, V.K. and Hansen, M.B.},
	Date-Added = {2010-04-08 13:28:41 -0400},
	Date-Modified = {2010-04-08 13:28:44 -0400},
	Journal = {Developmental Science},
	Number = {2},
	Pages = {158},
	Publisher = {BLACKWELL PUBLISHERS},
	Title = {Learning words: children disregard some pragmatic information that conflicts with mutual exclusivity},
	Volume = {9},
	Year = {2006}}

@incollection{aslin2008,
	Author = {Aslin, R.N. and Newport, E.L.},
	Booktitle = {Infant pathways to language: methods, models, and research directions},
	Date-Added = {2010-04-08 12:30:24 -0400},
	Date-Modified = {2010-04-08 12:31:29 -0400},
	Editor = {Colombo, J. A. and McCardle, P. and Freund, J.},
	Publisher = {Lawrence Erlbaum},
	Title = {What statistical learning can and can't tell us about language acquisition},
	Year = {2008}}

@conference{medina2009,
	Address = {San Francisco, CA},
	Author = {Medina,T. N. and Trueswell, J. C. and Snedeker, J. and Gleitman, L.},
	Booktitle = {The Annual Meeting of the Linguistic Society of America},
	Date-Added = {2010-04-07 16:35:27 -0400},
	Date-Modified = {2010-04-07 16:36:30 -0400},
	Title = {Rapid Word Learning Under Realistic Learning Conditions.},
	Year = {2009}}

@book{aitchison2003,
	Address = {Oxford, UK},
	Author = {Aitchison, J.},
	Date-Added = {2010-04-07 16:19:42 -0400},
	Date-Modified = {2010-04-07 16:19:42 -0400},
	Publisher = {Blackwell},
	Title = {Words in the mind: An introduction to the mental lexicon},
	Year = {2003}}

@article{horst2008,
	Author = {Horst, J.S. and Samuelson, L.K.},
	Date-Added = {2010-04-07 16:17:18 -0400},
	Date-Modified = {2010-04-07 16:17:22 -0400},
	Journal = {Infancy},
	Number = {2},
	Pages = {128--157},
	Publisher = {Psychology Press},
	Title = {Fast mapping but poor retention by 24-month-old infants},
	Volume = {13},
	Year = {2008}}

@article{huttenlocher1991,
	Author = {Huttenlocher, J. and Haight, W. and Bryk, A. and Seltzer, M. and Lyons, T.},
	Date-Added = {2010-04-07 15:56:59 -0400},
	Date-Modified = {2010-04-07 15:57:02 -0400},
	Journal = {Developmental Psychology},
	Number = {2},
	Pages = {236--248},
	Title = {Early vocabulary growth: Relation to language input and gender.},
	Volume = {27},
	Year = {1991}}

@book{hart1995,
	Address = {Baltimore, MD},
	Author = {Hart, B. and Risley, T.R.},
	Date-Added = {2010-04-07 15:56:44 -0400},
	Date-Modified = {2010-04-07 15:59:28 -0400},
	Publisher = {Brookes Publishing Company},
	Title = {Meaningful differences in the everyday experience of young American children.},
	Year = {1995}}

@article{hurtado2008,
	Author = {Hurtado, N. and Marchman, V.A. and Fernald, A.},
	Date-Added = {2010-04-07 15:56:08 -0400},
	Date-Modified = {2010-04-07 15:59:16 -0400},
	Journal = {Developmental Science},
	Number = {6},
	Pages = {F31--F39},
	Title = {Does input influence uptake? Links between maternal talk, processing speed and vocabulary size in Spanish-learning children},
	Volume = {11},
	Year = {2008}}

@book{schieffelin1990,
	Address = {Cambridge, UK},
	Author = {Schieffelin, B.B.},
	Date-Added = {2010-04-07 15:55:52 -0400},
	Date-Modified = {2010-04-07 15:59:11 -0400},
	Publisher = {Cambridge University Press},
	Title = {The give and take of everyday life: Language socialization of Kaluli children},
	Year = {1990}}

@article{bartlett1978,
	Author = {Bartlett, E.J.},
	Date-Added = {2010-04-06 16:28:29 -0400},
	Date-Modified = {2010-04-06 16:28:31 -0400},
	Journal = {Recent advances in the psychology of language: Language development and mother--child interaction},
	Pages = {89--108},
	Title = {The acquisition of the meaning of color terms: A study of lexical development},
	Year = {1978}}

@article{landau1988,
	Author = {Landau, B. and Smith, L.B. and Jones, S.S.},
	Date-Added = {2010-04-06 16:28:08 -0400},
	Date-Modified = {2010-04-06 16:28:31 -0400},
	Journal = {Cognitive Development},
	Number = {3},
	Pages = {299--321},
	Title = {The importance of shape in early lexical learning},
	Volume = {3},
	Year = {1988}}

@article{oppenheimer2009,
	Author = {Oppenheimer, D.M. and Meyvis, T. and Davidenko, N.},
	Date-Added = {2010-04-06 16:09:35 -0400},
	Date-Modified = {2010-04-06 16:09:38 -0400},
	Journal = {Journal of Experimental Social Psychology},
	Number = {4},
	Pages = {867--872},
	Publisher = {Elsevier},
	Title = {Instructional manipulation checks: Detecting satisficing to increase statistical power},
	Volume = {45},
	Year = {2009}}

@article{valiant1984,
	Author = {Valiant, LG},
	Date-Added = {2010-04-06 11:43:41 -0400},
	Date-Modified = {2010-04-06 11:43:44 -0400},
	Journal = {Communications of the ACM},
	Number = {11},
	Pages = {1142},
	Publisher = {ACM},
	Title = {A theory of the learnable},
	Volume = {27},
	Year = {1984}}

@book{vapnik2000,
	Author = {Vapnik, V.N.},
	Date-Added = {2010-04-06 11:43:31 -0400},
	Date-Modified = {2010-04-06 11:43:44 -0400},
	Publisher = {Springer Verlag},
	Title = {The nature of statistical learning theory},
	Year = {2000}}

@article{macwhinney2004,
	Author = {MacWhinney, B.},
	Date-Added = {2010-04-06 11:38:10 -0400},
	Date-Modified = {2010-04-06 11:38:15 -0400},
	Journal = {Journal of Child Language},
	Number = {04},
	Pages = {883--914},
	Publisher = {Cambridge Univ Press},
	Title = {A multiple process solution to the logical problem of language acquisition},
	Volume = {31},
	Year = {2004}}

@book{clark2010,
	Address = {Oxford, UK},
	Author = {Clark, A. and Lappin, S.},
	Date-Added = {2010-04-06 11:36:34 -0400},
	Date-Modified = {2010-04-06 11:37:10 -0400},
	Publisher = {Wiley Blackwell},
	Title = {Linguistic Nativism and the Poverty of the Stimulus},
	Year = {2010}}

@article{feldman1972,
	Author = {Feldman, J.},
	Date-Added = {2010-04-06 11:31:07 -0400},
	Date-Modified = {2010-04-06 11:31:09 -0400},
	Journal = {Information and control},
	Number = {3},
	Pages = {244--262},
	Publisher = {Elsevier},
	Title = {Some decidability results on grammatical inference and complexity},
	Volume = {20},
	Year = {1972}}

@phdthesis{horning1969,
	Author = {Horning, J.J.},
	Date-Added = {2010-04-06 11:29:34 -0400},
	Date-Modified = {2010-04-06 11:29:37 -0400},
	School = {Dept. of Computer Science, Stanford University.},
	Title = {A study of grammatical inference},
	Year = {1969}}

@article{gold1967,
	Author = {Gold, E.M. and others},
	Date-Added = {2010-04-06 11:29:25 -0400},
	Date-Modified = {2010-04-06 11:29:37 -0400},
	Journal = {Information and control},
	Number = {5},
	Pages = {447--474},
	Publisher = {Elsevier},
	Title = {Language identification in the limit},
	Volume = {10},
	Year = {1967}}

@article{nowak2002,
	Author = {Nowak, M.A. and Komarova, N.L. and Niyogi, P.},
	Date-Added = {2010-04-06 11:16:05 -0400},
	Date-Modified = {2010-04-06 11:16:07 -0400},
	Journal = {Nature},
	Number = {6889},
	Pages = {611--617},
	Publisher = {Nature Publishing Group},
	Title = {Computational and evolutionary aspects of language},
	Volume = {417},
	Year = {2002}}

@article{frankunderreview2,
	Author = {Frank, M. C. and Goldwater, S. and Griffiths, T. L. and Tenenbaum, J. B.},
	Date-Added = {2010-04-06 11:13:45 -0400},
	Date-Modified = {2010-07-19 12:20:06 -0400},
	Journal = {Cognition},
	Title = {Modeling human performance in statistical word segmentation},
	Year = {in press}}

@book{chomsky1975,
	Author = {Chomsky, N.},
	Date-Added = {2010-04-06 10:56:25 -0400},
	Date-Modified = {2010-04-06 10:56:28 -0400},
	Publisher = {Springer},
	Title = {The logical structure of linguistic theory},
	Year = {1975}}

@book{wexler1983,
	Address = {Cambridge, MA},
	Author = {Wexler, K. and Culicover, P.W.},
	Date-Added = {2010-04-06 10:54:57 -0400},
	Date-Modified = {2010-04-19 16:48:22 -0400},
	Publisher = {MIT Press},
	Title = {Formal principles of language acquisition},
	Year = {1983}}

@article{bannard2009,
	Author = {Bannard, C. and Lieven, E. and Tomasello, M.},
	Date-Added = {2010-04-06 10:53:51 -0400},
	Date-Modified = {2010-04-06 10:53:53 -0400},
	Journal = {Proceedings of the National Academy of Sciences},
	Number = {41},
	Pages = {17284},
	Publisher = {National Acad Sciences},
	Title = {Modeling children's early grammatical knowledge},
	Volume = {106},
	Year = {2009}}

@article{alishahi2008,
	Author = {Alishahi, A. and Stevenson, S.},
	Date-Added = {2010-04-06 10:53:32 -0400},
	Date-Modified = {2010-04-06 10:53:53 -0400},
	Journal = {Cognitive Science: A Multidisciplinary Journal},
	Number = {5},
	Pages = {789--834},
	Publisher = {Psychology Press},
	Title = {A computational model of early argument structure acquisition},
	Volume = {32},
	Year = {2008}}

@conference{perfors2006,
	Author = {Perfors, A. and Tenenbaum, J. and Regier, T.},
	Booktitle = {Proceedings of the 28th Annual Conference of the Cognitive Science society},
	Date-Added = {2010-04-06 10:53:19 -0400},
	Date-Modified = {2010-04-06 10:53:53 -0400},
	Organization = {Citeseer},
	Pages = {663--668},
	Title = {Poverty of the stimulus? A rational approach},
	Year = {2006}}

@article{goldsmith2001,
	Author = {Goldsmith, J.},
	Date-Added = {2010-04-06 10:53:09 -0400},
	Date-Modified = {2010-04-06 10:53:53 -0400},
	Journal = {Computational linguistics},
	Number = {2},
	Pages = {153--198},
	Publisher = {MIT Press},
	Title = {Unsupervised learning of the morphology of a natural language},
	Volume = {27},
	Year = {2001}}

@article{goldwater2009,
	Author = {Goldwater, S. and Griffiths, T.L. and Johnson, M.},
	Date-Added = {2010-04-06 10:52:51 -0400},
	Date-Modified = {2010-04-06 10:52:51 -0400},
	Journal = {Cognition},
	Pages = {21-54},
	Title = {{A Bayesian framework for word segmentation: Exploring the effects of context.}},
	Volume = {112},
	Year = {2009}}

@article{marcus1999,
	Author = {Marcus, G. F. and Vijayan, S. and Bandi Rao, S. and Vishton, P. M.},
	Date-Added = {2010-04-06 10:52:27 -0400},
	Date-Modified = {2010-04-06 10:52:27 -0400},
	Journal = {Science},
	Number = {5398},
	Pages = {77},
	Publisher = {AAAS},
	Title = {Rule learning by seven-month-old infants},
	Volume = {283},
	Year = {1999}}

@book{chomsky1957,
	Address = {The Hague},
	Author = {Chomsky, N.},
	Date-Added = {2010-04-06 10:50:33 -0400},
	Date-Modified = {2010-04-06 10:51:12 -0400},
	Publisher = {Mouton},
	Title = {Syntactic Structures},
	Year = {1957}}

@article{mattys2005,
	Author = {Mattys, SL and White, L. and Melhorn, JF},
	Date-Added = {2010-04-06 10:43:56 -0400},
	Date-Modified = {2010-04-06 10:43:58 -0400},
	Journal = {Journal of Experimental Psychology: General},
	Pages = {477--500},
	Title = {Integration of multiple speech segmentation cues: A hierarchical framework},
	Volume = {134},
	Year = {2005}}

@book{jurafsky2000,
	Author = {Jurafsky, D. and Martin, J.H. and Kehler, A.},
	Date-Added = {2010-04-06 10:39:50 -0400},
	Date-Modified = {2010-04-06 10:39:53 -0400},
	Publisher = {MIT Press},
	Title = {Speech and language processing: An introduction to natural language processing, computational linguistics, and speech recognition},
	Year = {2000}}

@book{manning2000,
	Author = {Manning, C. D. and Sch\"utze, H.},
	Date-Added = {2010-04-06 10:39:36 -0400},
	Date-Modified = {2010-04-08 14:33:03 -0400},
	Publisher = {MIT Press},
	Title = {Foundations of statistical natural language processing},
	Year = {2000}}

@article{redington1998,
	Author = {Redington, M. and Crater, N. and Finch, S.},
	Date-Added = {2010-04-06 10:32:41 -0400},
	Date-Modified = {2010-04-06 11:14:47 -0400},
	Journal = {Cognitive Science: A Multidisciplinary Journal},
	Number = {4},
	Pages = {425--469},
	Publisher = {Psychology Press},
	Title = {Distributional information: A powerful cue for acquiring syntactic categories},
	Volume = {22},
	Year = {1998}}

@article{mintz2003,
	Author = {Mintz, T.H.},
	Date-Added = {2010-04-06 10:24:21 -0400},
	Date-Modified = {2010-04-06 10:24:25 -0400},
	Journal = {Cognition},
	Number = {1},
	Pages = {91--117},
	Publisher = {Elsevier},
	Title = {Frequent frames as a cue for grammatical categories in child directed speech},
	Volume = {90},
	Year = {2003}}

@inproceedings{jones2010,
	Author = {Jones, B. and Johnson, M. and Frank, M. C.},
	Booktitle = {{Proceedings of Human Language Technologies: The 2010 Annual Conference of the North American Chapter of the Association for Computational Linguistics}},
	Date-Added = {2010-04-06 10:21:07 -0400},
	Date-Modified = {2010-04-06 10:22:08 -0400},
	Title = {Learning Words and Their Meanings from Unsegmented Child-directed Speech},
	Year = {2010}}

@article{todorov2009,
	Author = {Todorov, E.},
	Date-Added = {2010-04-06 10:05:08 -0400},
	Date-Modified = {2010-04-06 10:05:14 -0400},
	Journal = {Proceedings of the National Academy of Sciences},
	Number = {28},
	Pages = {11478},
	Publisher = {National Acad Sciences},
	Title = {Efficient computation of optimal actions},
	Volume = {106},
	Year = {2009}}

@article{pouget2000,
	Author = {Pouget, A. and Dayan, P. and Zemel, R.},
	Date-Added = {2010-04-06 10:04:22 -0400},
	Date-Modified = {2010-04-06 10:05:14 -0400},
	Journal = {Nature Reviews Neuroscience},
	Number = {2},
	Pages = {125--132},
	Publisher = {Nature Publishing Group},
	Title = {Information processing with population codes},
	Volume = {1},
	Year = {2000}}

@article{pinker1979,
	Author = {Pinker, S.},
	Date-Added = {2010-04-06 09:39:50 -0400},
	Date-Modified = {2010-04-08 14:31:56 -0400},
	Journal = {Cognition},
	Number = {3},
	Pages = {217--283},
	Publisher = {Elsevier},
	Title = {Formal models of language learning},
	Volume = {7},
	Year = {1979}}

@book{landau1985,
	Author = {Landau, B. and Gleitman, L.R.},
	Date-Added = {2010-04-05 22:19:29 -0400},
	Date-Modified = {2010-04-05 22:19:38 -0400},
	Publisher = {Harvard University Press Cambridge, Mass.},
	Title = {Language and experience: Evidence from the blind child},
	Year = {1985}}

@article{bloom2001,
	Author = {Bloom, L. and Tinker, E. and Scholnick, E.K.},
	Date-Added = {2010-04-05 22:19:20 -0400},
	Date-Modified = {2010-04-05 22:19:38 -0400},
	Journal = {Monographs of the Society for Research in Child Development},
	Number = {4},
	Publisher = {Blackwell Publishing},
	Title = {The intentionality model and language acquisition: Engagement, effort, and the essential tension in development},
	Volume = {66},
	Year = {2001}}

@article{collis1974,
	Author = {Collis, GM and Schaffer, HR},
	Date-Added = {2010-04-05 21:40:21 -0400},
	Date-Modified = {2010-04-05 21:40:42 -0400},
	Journal = {Journal of Child Psychology and Psychiatry},
	Number = {4},
	Pages = {315--320},
	Publisher = {John Wiley \& Sons},
	Title = {Synchronization of visual attention in mother-infant pairs},
	Volume = {16},
	Year = {1974}}

@article{bruner1975,
	Author = {Bruner, JS},
	Date-Added = {2010-04-05 21:19:54 -0400},
	Date-Modified = {2010-04-09 13:30:05 -0400},
	Journal = {Cognition},
	Number = {3},
	Pages = {255--287},
	Publisher = {Elsevier},
	Title = {From communication to language: a psychological perspective},
	Volume = {3},
	Year = {1975}}

@article{hunter1988,
	Author = {Hunter, M.A. and Ames, E.W.},
	Date-Added = {2010-04-05 15:10:28 -0400},
	Date-Modified = {2010-04-05 15:10:28 -0400},
	Journal = {Advances in infancy research},
	Pages = {69--95},
	Title = {A multifactor model of infant preferences for novel and familiar stimuli},
	Volume = {5},
	Year = {1988}}

@article{waxman2009,
	Author = {Waxman, S.R. and Gelman, S.A.},
	Date-Added = {2010-04-05 12:33:08 -0400},
	Date-Modified = {2010-04-05 12:33:10 -0400},
	Journal = {Trends in cognitive sciences},
	Publisher = {Elsevier},
	Title = {Early word-learning entails reference, not merely associations},
	Year = {2009}}

@article{kuhl2000,
	Author = {Kuhl, P.K.},
	Date-Added = {2010-04-05 12:31:51 -0400},
	Date-Modified = {2010-04-05 12:31:57 -0400},
	Journal = {Proceedings of the National Academy of Sciences of the United States of America},
	Number = {22},
	Pages = {11850},
	Publisher = {National Acad Sciences},
	Title = {A new view of language acquisition},
	Volume = {97},
	Year = {2000}}

@book{rumelhart1986,
	Address = {Cambridge, MA},
	Author = {Rumelhart, D. E. and McClelland, J. L. and the PDP research group},
	Date-Added = {2010-04-05 11:36:15 -0400},
	Date-Modified = {2010-04-19 16:49:01 -0400},
	Publisher = {MIT Press},
	Title = {Parallel distributed processing: Explorations in the microstructure of cognition},
	Year = {1986}}

@book{elman1996,
	Address = {Cambridge, MA},
	Author = {Elman, J. L. and Bates, E. A. and Johnson, M. H. and Karmiloff-Smith, A. and Parisi, D. and Plunkett, K.},
	Date-Added = {2010-04-05 11:35:55 -0400},
	Date-Modified = {2010-04-05 11:35:55 -0400},
	Publisher = {MIT Press},
	Title = {Rethinking innateness: A connectionist perspective on development},
	Year = {1996}}

@article{chomsky1981,
	Author = {Chomsky, N.},
	Date-Added = {2010-04-05 11:35:40 -0400},
	Date-Modified = {2010-04-05 11:35:42 -0400},
	Journal = {Explanation in linguistics: The logical problem of language acquisition},
	Pages = {32--75},
	Publisher = {London: Longman, 1981b},
	Title = {Principles and parameters in syntactic theory},
	Year = {1981}}

@book{lenneberg1967,
	Address = {New York},
	Author = {Lenneberg, E. H.},
	Date-Added = {2010-04-05 11:35:03 -0400},
	Date-Modified = {2010-04-08 14:33:54 -0400},
	Publisher = {Wiley},
	Title = {Biological foundations of language},
	Year = {1967}}

@article{kuhl2004,
	Author = {Kuhl, P.K.},
	Date-Added = {2010-04-05 11:32:39 -0400},
	Date-Modified = {2010-04-05 11:35:06 -0400},
	Journal = {Nature reviews neuroscience},
	Number = {11},
	Pages = {831--843},
	Publisher = {Nature Publishing Group},
	Title = {Early language acquisition: cracking the speech code},
	Volume = {5},
	Year = {2004}}

@article{mikhail2007,
	Author = {Mikhail, J.},
	Date-Added = {2010-04-05 11:24:19 -0400},
	Date-Modified = {2010-04-05 11:24:23 -0400},
	Journal = {Trends in Cognitive Sciences},
	Number = {4},
	Pages = {143--152},
	Publisher = {Elsevier},
	Title = {Universal moral grammar: theory, evidence and the future},
	Volume = {11},
	Year = {2007}}

@article{jonesinpress,
	Author = {Jones, D.},
	Date-Added = {2010-04-05 11:22:44 -0400},
	Date-Modified = {2010-04-05 11:23:05 -0400},
	Journal = {Behavioral and Brain Sciences},
	Title = {Human kinship, from conceptual structure to grammar},
	Year = {in press}}

@article{hauser2008,
	Author = {Hauser, MD and Young, L. and Cushman, FA},
	Date-Added = {2010-04-05 11:20:06 -0400},
	Date-Modified = {2010-04-05 11:24:23 -0400},
	Journal = {Moral psychology},
	Pages = {107--144},
	Title = {Reviving Rawls' linguistic analogy},
	Volume = {1},
	Year = {2008}}

@article{albright2003,
	Author = {Albright, A. and Hayes, B.},
	Date-Added = {2010-04-05 11:11:50 -0400},
	Date-Modified = {2010-04-05 11:11:50 -0400},
	Journal = {Cognition},
	Number = {2},
	Pages = {119-161},
	Title = {Rules vs. analogy in English past tenses: a computational/experimental study},
	Volume = {90},
	Year = {2003}}

@article{saffran1996a,
	Author = {Saffran, J. R. and Aslin, R.N. and Newport, E.L.},
	Date-Added = {2010-04-05 11:11:23 -0400},
	Date-Modified = {2010-04-27 12:10:05 -0400},
	Journal = {Science},
	Number = {5294},
	Pages = {1926},
	Publisher = {AAAS},
	Title = {Statistical learning by 8-month-old infants},
	Volume = {274},
	Year = {1996}}

@article{saffran1996b,
	Author = {Saffran, J. R. and Newport, E.L. and Aslin, R.N.},
	Date-Added = {2010-04-05 11:11:23 -0400},
	Date-Modified = {2010-04-27 12:10:09 -0400},
	Journal = {Journal of memory and language},
	Number = {4},
	Pages = {606--621},
	Publisher = {Citeseer},
	Title = {Word segmentation: The role of distributional cues},
	Volume = {35},
	Year = {1996}}

@book{pinker1995,
	Author = {Pinker, S.},
	Date-Added = {2010-04-05 11:10:46 -0400},
	Date-Modified = {2010-04-05 11:10:46 -0400},
	Publisher = {Penguin London},
	Title = {The language instinct: The new science of language and mind},
	Year = {1995}}

@article{xu2002,
	Author = {Xu, F.},
	Date-Added = {2010-04-04 20:03:33 -0400},
	Date-Modified = {2013-08-10 18:24:27 +0000},
	Journal = {Cognition},
	Number = {3},
	Pages = {223--250},
	Publisher = {Elsevier},
	Title = {The role of language in acquiring object kind concepts in infancy},
	Volume = {85},
	Year = {2002}}

@article{waxman1995,
	Author = {Waxman, S.R. and Markow, D.B.},
	Date-Added = {2010-04-04 20:03:21 -0400},
	Date-Modified = {2010-04-04 20:05:30 -0400},
	Journal = {Cognitive Psychology},
	Number = {3},
	Pages = {257--302},
	Publisher = {Elsevier},
	Title = {Words as invitations to form categories: Evidence from 12-to 13-month-old infants},
	Volume = {29},
	Year = {1995}}

@article{waxman2003,
	Author = {Waxman, S. and Booth, A.},
	Date-Added = {2010-04-04 20:03:04 -0400},
	Date-Modified = {2010-04-04 20:05:30 -0400},
	Journal = {Developmental Science},
	Number = {2},
	Pages = {128--135},
	Title = {The origins and evolution of links between word learning and conceptual organization: New evidence from 11-month-olds},
	Volume = {6},
	Year = {2003}}

@article{vouloumanos2009,
	Author = {Vouloumanos, A. and Werker, J.F.},
	Date-Added = {2010-04-04 20:02:49 -0400},
	Date-Modified = {2010-04-04 20:05:22 -0400},
	Journal = {Developmental psychology},
	Number = {6},
	Pages = {1611--1617},
	Title = {Infants' learning of novel words in a stochastic environment.},
	Volume = {45},
	Year = {2009}}

@article{vouloumanos2008,
	Author = {Vouloumanos, A.},
	Date-Added = {2010-04-04 20:02:47 -0400},
	Date-Modified = {2010-04-04 20:05:22 -0400},
	Journal = {Cognition},
	Number = {2},
	Pages = {729--742},
	Publisher = {Elsevier},
	Title = {Fine-grained sensitivity to statistical information in adult word learning},
	Volume = {107},
	Year = {2008}}

@article{smith2008,
	Author = {Smith, L. and Yu, C.},
	Date-Added = {2010-04-04 20:02:17 -0400},
	Date-Modified = {2010-04-04 20:05:14 -0400},
	Journal = {Cognition},
	Number = {3},
	Pages = {1558--1568},
	Publisher = {Elsevier},
	Title = {Infants rapidly learn word-referent mappings via cross-situational statistics},
	Volume = {106},
	Year = {2008}}

@article{smith2000,
	Author = {Smith, L.B.},
	Date-Added = {2010-04-04 20:01:42 -0400},
	Date-Modified = {2010-04-04 20:05:14 -0400},
	Journal = {Becoming a word learner: A debate on lexical acquisition},
	Pages = {51--80},
	Publisher = {Oxford University Press},
	Title = {Learning how to learn words: An associative crane},
	Year = {2000}}

@article{regier2005,
	Author = {Regier, T.},
	Date-Added = {2010-04-04 20:01:24 -0400},
	Date-Modified = {2010-04-04 20:05:14 -0400},
	Journal = {Cognitive Science: A Multidisciplinary Journal},
	Number = {6},
	Pages = {819--865},
	Publisher = {Psychology Press},
	Title = {The emergence of words: Attentional learning in form and meaning},
	Volume = {29},
	Year = {2005}}

@book{quine1960,
	Address = {Cambridge, MA},
	Author = {Quine, W.V.O.},
	Date-Added = {2010-04-04 20:01:14 -0400},
	Date-Modified = {2014-06-27 18:52:21 +0000},
	Publisher = {MIT Press},
	Title = {Word and object},
	Year = {1960}}

@article{plunkett1992,
	Author = {Plunkett, K. and Sinha, C. and M{\o}ller, M.F. and Strandsby, O.},
	Date-Added = {2010-04-04 20:01:04 -0400},
	Date-Modified = {2010-04-04 20:05:06 -0400},
	Journal = {Connection Science},
	Number = {3},
	Pages = {293--312},
	Publisher = {Taylor \& Francis},
	Title = {Symbol grounding or the emergence of symbols? Vocabulary growth in children and a connectionist net},
	Volume = {4},
	Year = {1992}}

@article{mervis1994,
	Author = {Mervis, C.B. and Bertrand, J.},
	Date-Added = {2010-04-04 20:00:52 -0400},
	Date-Modified = {2010-04-04 20:04:56 -0400},
	Journal = {Child Development},
	Number = {6},
	Pages = {1646--1662},
	Publisher = {University of Chicago Press},
	Title = {Acquisition of the novel name-nameless category (N3C) principle},
	Volume = {65},
	Year = {1994}}

@article{markson1997,
	Author = {Markson, L. and Bloom, P.},
	Date-Added = {2010-04-04 20:00:27 -0400},
	Date-Modified = {2010-04-04 20:35:00 -0400},
	Journal = {Nature},
	Pages = {813--815},
	Title = {Evidence against a dedicated system for word learning in children},
	Volume = {385},
	Year = {1997}}

@article{markman2003,
	Author = {Markman, E. M. and Wasow, J.L. and Hansen, M.B.},
	Date-Added = {2010-04-04 20:00:16 -0400},
	Date-Modified = {2014-07-29 22:32:08 +0000},
	Journal = {Cognitive Psychology},
	Number = {3},
	Pages = {241--275},
	Publisher = {Elsevier},
	Title = {Use of the mutual exclusivity assumption by young word learners},
	Volume = {47},
	Year = {2003}}

@article{markman1988,
	Author = {Markman, E. M. and Wachtel, G. F.},
	Date-Added = {2010-04-04 20:00:06 -0400},
	Date-Modified = {2010-04-08 14:33:24 -0400},
	Journal = {Cognitive Psychology},
	Pages = {121--157},
	Publisher = {Elsevier},
	Title = {Children's use of mutual exclusivity to constrain the meanings of words},
	Volume = {20},
	Year = {1988}}

@book{markman1991,
	Author = {Markman, E.M.},
	Date-Added = {2010-04-04 19:59:54 -0400},
	Date-Modified = {2010-04-04 20:04:36 -0400},
	Publisher = {The MIT Press},
	Title = {Categorization and naming in children: Problems of induction},
	Year = {1991}}

@article{marinari1992,
	Author = {Marinari, E. and Parisi, G.},
	Date-Added = {2010-04-04 19:59:41 -0400},
	Date-Modified = {2010-04-04 20:04:36 -0400},
	Journal = {EPL (Europhysics Letters)},
	Pages = {451},
	Publisher = {IOP Publishing},
	Title = {Simulated tempering: a new Monte Carlo scheme},
	Volume = {19},
	Year = {1992}}

@book{locke1847,
	Author = {Locke, J.},
	Date-Added = {2010-04-04 19:59:29 -0400},
	Date-Modified = {2010-04-04 20:04:33 -0400},
	Publisher = {Troutman \& Hayes},
	Title = {An essay concerning human understanding},
	Year = {1847}}

@article{li2007,
	Author = {Li, P. and Zhao, X. and Whinney, B.M.},
	Date-Added = {2010-04-04 19:59:18 -0400},
	Date-Modified = {2010-04-04 20:04:32 -0400},
	Journal = {Cognitive Science: A Multidisciplinary Journal},
	Number = {4},
	Pages = {581--612},
	Publisher = {Psychology Press},
	Title = {Dynamic self-organization and early lexical development in children},
	Volume = {31},
	Year = {2007}}

@article{levy2008,
	Author = {Levy, R.},
	Date-Added = {2010-04-04 19:59:06 -0400},
	Date-Modified = {2010-04-04 20:04:32 -0400},
	Journal = {Cognition},
	Number = {3},
	Pages = {1126--1177},
	Publisher = {Elsevier},
	Title = {Expectation-based syntactic comprehension},
	Volume = {106},
	Year = {2008}}

@article{golinkoff1994,
	Author = {Golinkoff, R.M. and Mervis, C.B. and Hirsh-Pasek, K.},
	Date-Added = {2010-04-04 19:58:35 -0400},
	Date-Modified = {2010-04-04 20:04:29 -0400},
	Journal = {Growing points in child language},
	Pages = {125--155},
	Publisher = {Cambridge Univ Pr},
	Title = {Early object labels: The case for a developmental lexical principles framework},
	Volume = {21},
	Year = {1994}}

@article{golinkoff1992,
	Author = {Golinkoff, R.M. and Hirsh-Pasek, K. and Bailey, L.M. and Wenger, N.R.},
	Date-Added = {2010-04-04 19:58:13 -0400},
	Date-Modified = {2010-04-04 20:04:29 -0400},
	Journal = {Developmental Psychology},
	Number = {1},
	Pages = {99--108},
	Title = {Young children and adults use lexical principles to learn new nouns.},
	Volume = {28},
	Year = {1992}}

@conference{gold2007,
	Author = {Gold, K. and Scassellati, B.},
	Booktitle = {{Proceedings of the National Conference on Artificial Intelligence}},
	Date-Added = {2010-04-04 19:58:00 -0400},
	Date-Modified = {2010-04-04 20:35:38 -0400},
	Pages = {883},
	Title = {A robot that uses existing vocabulary to infer non-visual word meanings from observation},
	Volume = {22},
	Year = {2007}}

@article{colunga2005,
	Author = {Colunga, E. and Smith, L.B.},
	Date-Added = {2010-04-04 19:57:44 -0400},
	Date-Modified = {2010-04-04 20:04:26 -0400},
	Journal = {Psychological Review},
	Number = {2},
	Pages = {347--382},
	Publisher = {[Washington, etc.] American Psychological Association [etc.]},
	Title = {From the lexicon to expectations about kinds: A role for associative learning},
	Volume = {112},
	Year = {2005}}

@book{clark2003,
	Address = {Cambridge, UK},
	Author = {Clark, E.V.},
	Date-Added = {2010-04-04 19:57:27 -0400},
	Date-Modified = {2010-04-04 20:05:59 -0400},
	Publisher = {Cambridge University Press},
	Title = {First language acquisition},
	Year = {2003}}

@article{clark1988,
	Author = {Clark, E.V.},
	Date-Added = {2010-04-04 19:57:18 -0400},
	Date-Modified = {2010-04-04 20:33:50 -0400},
	Journal = {Journal of Child Language},
	Pages = {317--335},
	Publisher = {Cambridge Univ Press},
	Title = {On the logic of contrast},
	Volume = {15},
	Year = {1988}}

@article{browne1986,
	Author = {Browne, M.C. and Clarke, E.M. and Dill, D.L. and Mishra, B.},
	Date-Added = {2010-04-04 19:57:16 -0400},
	Date-Modified = {2010-04-04 20:04:03 -0400},
	Journal = {IEEE Transactions on Computers},
	Number = {12},
	Pages = {1035--1044},
	Title = {Automatic verification of sequential circuits using temporal logic},
	Volume = {35},
	Year = {1986}}

@article{carlin1997,
	Author = {Carlin, B.P. and Louis, T.A.},
	Date-Added = {2010-04-04 19:57:08 -0400},
	Date-Modified = {2010-04-04 20:04:03 -0400},
	Journal = {Statistics and Computing},
	Number = {2},
	Pages = {153--154},
	Publisher = {Springer},
	Title = {Bayes and empirical Bayes methods for data analysis},
	Volume = {7},
	Year = {1997}}

@article{brown1993,
	Author = {Brown, P.F. and Pietra, V.J.D. and Pietra, S.A.D. and Mercer, R.L.},
	Date-Added = {2010-04-04 19:56:43 -0400},
	Date-Modified = {2010-04-04 20:04:03 -0400},
	Journal = {Computational linguistics},
	Number = {2},
	Pages = {263--311},
	Publisher = {MIT Press},
	Title = {The mathematics of statistical machine translation: Parameter estimation},
	Volume = {19},
	Year = {1993}}

@article{booth2002,
	Author = {Booth, A.E. and Waxman, S.},
	Date-Added = {2010-04-04 19:56:33 -0400},
	Date-Modified = {2010-04-04 20:04:03 -0400},
	Journal = {Developmental Psychology},
	Number = {6},
	Pages = {948--957},
	Title = {Object names and object functions serve as cues to categories for infants.},
	Volume = {38},
	Year = {2002}}

@article{baldwin1993,
	Author = {Baldwin, D.A.},
	Date-Added = {2010-04-04 19:56:10 -0400},
	Date-Modified = {2014-06-27 17:01:35 +0000},
	Journal = {Developmental Psychology},
	Number = {5},
	Pages = {832--843},
	Title = {Early referential understanding: Infants' ability to recognize referential acts for what they are.},
	Volume = {29},
	Year = {1993}}

@book{odonnell1992,
	Author = {O'Donnell, J. and Augustinus, A.},
	Date-Added = {2010-04-04 19:55:52 -0400},
	Date-Modified = {2010-04-04 20:05:02 -0400},
	Publisher = {Clarendon Press},
	Title = {Augustine, Confessions},
	Year = {1992}}

@book{clark1996,
	Address = {Cambridge, UK},
	Author = {Clark, H.H.},
	Date-Added = {2010-04-04 19:23:14 -0400},
	Date-Modified = {2010-04-04 19:24:00 -0400},
	Publisher = {Cambridge University Press},
	Title = {Using Language},
	Year = {1996},
	Bdsk-Url-1 = {http://acl.ldc.upenn.edu/j/j97/j97-4008.pdf}}

@book{cover2006,
	Address = {New York},
	Author = {Cover, T.M. and Thomas, J.A.},
	Date-Added = {2010-04-04 19:23:14 -0400},
	Date-Modified = {2013-02-18 16:30:51 +0000},
	Publisher = {Wiley-Interscience},
	Title = {Elements of Information Theory},
	Year = {2006},
	Bdsk-Url-1 = {http://doi.wiley.com/10.1002/0471200611.fmatter_indsub}}

@inproceedings{frank2009b,
	Address = {Austin, TX},
	Author = {Frank, M. C. and Goodman, N. D. and Lai, P. and Tenenbaum, J. B.},
	Booktitle = {{Proceedings of the 31st Annual Meeting of the Cognitive Science Society}},
	Date-Added = {2010-04-04 19:23:14 -0400},
	Date-Modified = {2014-06-27 18:49:55 +0000},
	Publisher = {Cognitive Science Society},
	Title = {Informative communication in word production and word learning},
	Year = {2009}}

@article{frank2009d,
	Author = {Frank, M. C. and Goodman, N. D. and Tenenbaum, J.B.},
	Date-Added = {2010-04-04 19:23:14 -0400},
	Date-Modified = {2010-04-04 19:24:24 -0400},
	Journal = {Psychological Science},
	Pages = {578-585},
	Title = {Modeling cross-situational word learning through inferences about speakers' referential intentions},
	Volume = {20},
	Year = {2009}}

@article{gibson1998,
	Author = {Gibson, E.},
	Date-Added = {2010-04-04 19:23:14 -0400},
	Date-Modified = {2010-04-04 19:24:00 -0400},
	Journal = {Cognition},
	Number = {1},
	Pages = {1--76},
	Publisher = {Elsevier},
	Title = {Linguistic complexity: Locality of syntactic dependencies},
	Volume = {68},
	Year = {1998}}

@article{grice1975,
	Author = {Grice, H.P.},
	Date-Added = {2010-04-04 19:23:14 -0400},
	Date-Modified = {2010-04-04 19:24:00 -0400},
	Journal = {Syntax and Semantics},
	Pages = {41--58},
	Title = {{Logic and conversation}},
	Volume = {3},
	Year = {1975}}

@book{heim1998,
	Address = {Oxford, UK},
	Author = {Heim, I. and Kratzer, A.},
	Date-Added = {2010-04-04 19:23:14 -0400},
	Date-Modified = {2010-04-04 19:24:00 -0400},
	Publisher = {Blackwell Publishers},
	Title = {{Semantics in Generative Grammar}},
	Year = {1998}}

@article{hudsonkam2005,
	Author = {Hudson-Kam, C. L. and Newport, E. L.},
	Date-Added = {2010-04-04 19:23:14 -0400},
	Date-Modified = {2013-05-07 06:07:05 +0000},
	Journal = {Language Learning and Development},
	Pages = {151-195},
	Title = {Regularizing unpredictable variation: The roles of adult and child learners in language formation and change},
	Volume = {1},
	Year = {2005}}

@article{navarro2009,
	Author = {Navarro, D. J. and Perfors, A. F.},
	Date-Added = {2010-04-04 19:23:14 -0400},
	Date-Modified = {2014-06-27 18:52:03 +0000},
	Journal = {Acta Psychologica},
	Pages = {256--268},
	Title = {{Similarity, Bayesian inference and the central limit theorem}},
	Volume = {133},
	Year = {2009}}

@article{piantadosi2008,
	Author = {Piantadosi, S.T. and Goodman, N.D. and Ellis, B.A. and Tenenbaum, J.B.},
	Date-Added = {2010-04-04 19:23:14 -0400},
	Date-Modified = {2010-04-04 19:24:00 -0400},
	Journal = {Proceedings of the 30th Annual Conference of the Cognitive Science Society},
	Title = {{A Bayesian model of the acquisition of compositional semantics}},
	Url = {http://www.cogsci.rpi.edu/CSJarchive/Proceedings/2008/pdfs/p1620.pdf},
	Year = {2008},
	Bdsk-Url-1 = {http://www.cogsci.rpi.edu/CSJarchive/Proceedings/2008/pdfs/p1620.pdf}}

@phdthesis{prasada1992,
	Author = {Prasada, S.},
	Date-Added = {2010-04-04 19:23:14 -0400},
	Date-Modified = {2010-04-04 19:24:00 -0400},
	Publisher = {Massachusetts Institute of Technology},
	School = {Massachusetts Institute of Technology},
	Title = {Acquisition of adjective meanings: a lexical semantic approach},
	Url = {https://dspace.mit.edu/handle/1721.1/12886},
	Year = {1992},
	Bdsk-Url-1 = {https://dspace.mit.edu/handle/1721.1/12886}}

@article{shafto2008,
	Author = {Shafto, P. and Goodman, N.},
	Date-Added = {2010-04-04 19:23:14 -0400},
	Date-Modified = {2010-04-04 19:24:00 -0400},
	Journal = {Proceedings of the 30th Annual Conference of the Cognitive Science Society},
	Title = {Teaching Games: Statistical Sampling Assumptions for Learning in Pedagogical Situations},
	Url = {https://louisville.edu/psychology/shafto/files/pp944-shafto.pdf},
	Year = {2008},
	Bdsk-Url-1 = {https://louisville.edu/psychology/shafto/files/pp944-shafto.pdf}}

@article{shepard1987,
	Author = {Shepard, RN},
	Date-Added = {2010-04-04 19:23:14 -0400},
	Date-Modified = {2010-04-04 19:24:00 -0400},
	Journal = {Science},
	Pages = {1317--1323},
	Title = {{Toward a universal law of generalization for psychological science}},
	Volume = {237},
	Year = {1987}}

@article{siskind1996,
	Author = {Siskind, J.},
	Date-Added = {2010-04-04 19:23:14 -0400},
	Date-Modified = {2010-04-04 19:24:00 -0400},
	Journal = {Cognition},
	Pages = {39-91},
	Title = {A computational study of cross-situational techniques for learning word-to-meaning mappings},
	Volume = {61},
	Year = {1996}}

@book{sperber1986,
	Address = {Oxford, UK},
	Author = {Sperber, D. and Wilson, D.},
	Date-Added = {2010-04-04 19:23:14 -0400},
	Date-Modified = {2010-04-04 19:24:00 -0400},
	Publisher = {Blackwell Publishers},
	Title = {{Relevance: Communication and Cognition}},
	Year = {1986}}

@article{tenenbaum2002,
	Author = {Tenenbaum, J.B. and Griffiths, T.L.},
	Date-Added = {2010-04-04 19:23:14 -0400},
	Date-Modified = {2010-07-19 09:56:28 -0400},
	Journal = {Behavioral and Brain Sciences},
	Pages = {629--640},
	Publisher = {Cambridge University Press},
	Title = {{Generalization, similarity, and Bayesian inference}},
	Volume = {24},
	Year = {2001}}

@book{wittgenstein1953,
	Address = {Oxford, UK},
	Author = {Wittgenstein, L.},
	Date-Added = {2010-04-04 19:23:14 -0400},
	Date-Modified = {2010-04-04 19:24:00 -0400},
	Publisher = {Blackwell Publishers},
	Title = {{Philosophical Investigations}},
	Year = {1953}}

@article{xu2007,
	Author = {Xu, F. and Tenenbaum, J.B.},
	Date-Added = {2010-04-04 19:23:14 -0400},
	Date-Modified = {2010-04-04 19:24:00 -0400},
	Journal = {Psychological Review},
	Pages = {245},
	Publisher = {APA AMERICAN PSYCHOLOGICAL ASSOCIATION},
	Title = {{Word Learning as Bayesian Inference}},
	Volume = {114},
	Year = {2007}}

@article{akhtar1996,
	Author = {Akhtar, N. and Carpenter, M. and Tomasello, M.},
	Date-Added = {2010-04-04 19:22:49 -0400},
	Date-Modified = {2013-02-18 16:30:14 +0000},
	Journal = {Child Development},
	Pages = {635-645},
	Publisher = {Blackwell Publishers},
	Title = {The role of discourse novelty in early word learning},
	Volume = {67},
	Year = {1996},
	Bdsk-Url-1 = {http://books.google.com/books?hl=en&lr=&id=Y6JP8AUjWnoC&oi=fnd&pg=PA276&dq=joint+attention+word+learning&ots=xqnBGUB53C&sig=zygIlIru3J2w6NJMuml8UyXg_kg}}

@article{anderson1990,
	Author = {Anderson, J. R. and Schooler, L. J.},
	Date-Added = {2010-04-04 19:22:49 -0400},
	Date-Modified = {2010-04-04 19:24:00 -0400},
	Journal = {Psychological Science},
	Number = {6},
	Pages = {396--408},
	Title = {Reflections of the environment in memory},
	Volume = {2},
	Year = {1990}}

@article{aslin2009,
	Author = {Aslin, R.N.},
	Date-Added = {2010-04-04 19:22:49 -0400},
	Date-Modified = {2010-04-04 19:24:00 -0400},
	Journal = {Optometry \& Vision Science},
	Pages = {561},
	Title = {How infants view natural scenes gathered from a head-mounted camera},
	Volume = {86},
	Year = {2009}}

@book{baayen2008,
	Address = {Cambridge, UK},
	Author = {Baayen, R.H.},
	Date-Added = {2010-04-04 19:22:49 -0400},
	Date-Modified = {2010-04-04 19:24:00 -0400},
	Publisher = {Cambridge University Press},
	Title = {Analyzing linguistic data: A practical introduction to statistics using R},
	Year = {2008}}

@article{baldwin1993b,
	Author = {Baldwin, D.A.},
	Date-Added = {2010-04-04 19:22:49 -0400},
	Date-Modified = {2010-04-04 20:04:22 -0400},
	Journal = {Journal of Child Language},
	Pages = {395--395},
	Title = {Infants' ability to consult the speaker for clues to word reference},
	Volume = {20},
	Year = {1993}}

@article{baron-cohen1997,
	Author = {Baron-Cohen, S. and Baldwin, D.A. and Crowson, M.},
	Date-Added = {2010-04-04 19:22:49 -0400},
	Date-Modified = {2010-04-04 20:04:03 -0400},
	Journal = {Child Development},
	Pages = {48--57},
	Publisher = {University of Chicago Press},
	Title = {Do children with autism use the speaker's direction of gaze strategy to crack the code of language?},
	Year = {1997}}

@book{bloom2002,
	Address = {Cambridge, MA},
	Author = {Bloom, P.},
	Date-Added = {2010-04-04 19:22:49 -0400},
	Date-Modified = {2010-04-04 20:04:03 -0400},
	Publisher = {MIT Press},
	Title = {How children learn the meanings of words},
	Year = {2002}}

@article{carpenter1995,
	Author = {Carpenter, P.A. and Miyake, A. and Just, M.A.},
	Date-Added = {2010-04-04 19:22:49 -0400},
	Date-Modified = {2010-04-04 20:04:03 -0400},
	Journal = {Annual Review of Psychology},
	Number = {1},
	Pages = {91--120},
	Publisher = {Annual Reviews},
	Title = {Language comprehension: Sentence and discourse processing},
	Volume = {46},
	Year = {1995}}

@book{clark1993,
	Address = {Cambridge, UK},
	Author = {Clark, E.V.},
	Date-Added = {2010-04-04 19:22:49 -0400},
	Date-Modified = {2010-04-04 19:24:00 -0400},
	Publisher = {Cambridge University Press},
	Title = {The Lexicon in Acquisition},
	Url = {http://books.google.com/books?hl=en&lr=&id=tjnoZ9zGSgoC&oi=fnd&pg=PP13&dq=eve+clark+1988+e-clark&ots=edInZ2OPXs&sig=9gzxPHkOtLAQgrDxlND_GxI3Kq0},
	Year = {1993},
	Bdsk-Url-1 = {http://books.google.com/books?hl=en&lr=&id=tjnoZ9zGSgoC&oi=fnd&pg=PP13&dq=eve+clark+1988+e-clark&ots=edInZ2OPXs&sig=9gzxPHkOtLAQgrDxlND_GxI3Kq0}}

@article{dowman2008,
	Author = {Dowman, M. and Savova, V. and Griffiths, T.L. and K{\"o}rding, K.P. and Tenenbaum, J.B. and Purver, M.},
	Date-Added = {2010-04-04 19:22:49 -0400},
	Date-Modified = {2010-04-04 19:24:00 -0400},
	Journal = {IEEE Transactions on Audio, Speech, and Language Processing},
	Pages = {1238--1248},
	Title = {A Probabilistic Model of Meetings That Combines Words and Discourse Features},
	Url = {http://www.stanford.edu/~mpurver/papers/dowman-et-al08ieee.pdf},
	Volume = {16},
	Year = {2008},
	Bdsk-Url-1 = {http://www.stanford.edu/~mpurver/papers/dowman-et-al08ieee.pdf}}

@article{fernald1993,
	Author = {Fernald, A. and Morikawa, H.},
	Date-Added = {2010-04-04 19:22:49 -0400},
	Date-Modified = {2010-04-04 19:24:00 -0400},
	Journal = {Child Development},
	Pages = {637--56},
	Title = {Common themes and cultural variations in Japanese and American mothers' speech to infants.},
	Url = {http://www.ncbi.nlm.nih.gov/pubmed/8339686},
	Volume = {64},
	Year = {1993},
	Bdsk-Url-1 = {http://www.ncbi.nlm.nih.gov/pubmed/8339686}}

@inproceedings{frank2009c,
	Address = {Mahwah, NJ},
	Author = {Frank, M. C. and Goodman, N. D. and Tenenbaum, J. B. and Fernald, A.},
	Booktitle = {{Proceedings of the 31st Annual Meeting of the Cognitive Science Society}},
	Date-Added = {2010-04-04 19:22:49 -0400},
	Date-Modified = {2010-04-04 19:24:21 -0400},
	Publisher = {Lawrence Erlbaum Associates},
	Title = {Continuity of Discourse Provides Information For Word Learning},
	Year = {2009}}

@article{frank2009,
	Author = {Frank, M. C. and Goodman, N. D. and Tenenbaum, J. B.},
	Date-Added = {2010-04-04 19:22:49 -0400},
	Date-Modified = {2010-04-04 19:24:00 -0400},
	Journal = {Psychological Science},
	Pages = {578--585},
	Title = {Using speakers' referential intentions to model early cross-situational word learning},
	Volume = {20},
	Year = {2009}}

@book{gelman2006,
	Address = {Cambridge, UK},
	Author = {Gelman, A. and Hill, J.},
	Date-Added = {2010-04-04 19:22:49 -0400},
	Date-Modified = {2014-06-27 18:44:17 +0000},
	Publisher = {Cambridge University Press},
	Title = {Data Analysis Using Regression and Multilevel/Hierarchical Models},
	Year = {2006},
	Bdsk-Url-1 = {http://books.google.com/books?hl=en&lr=&id=c9xLKzZWoZ4C&oi=fnd&pg=PR17&dq=gelman+hill&ots=b8P5P0Qrre&sig=tl00nsF8aIuXP2hOoq1Nwph-MNA}}

@article{graesser1997,
	Author = {Graesser, A.C. and Millis, K.K. and Zwaan, R.A.},
	Date-Added = {2010-04-04 19:22:49 -0400},
	Date-Modified = {2010-04-04 19:24:00 -0400},
	Journal = {Annual Reviews in Psychology},
	Pages = {163--189},
	Publisher = {Annual Reviews},
	Title = {Discourse Comprehension},
	Url = {http://arjournals.annualreviews.org/doi/abs/10.1146/annurev.psych.48.1.163},
	Volume = {48},
	Year = {1997},
	Bdsk-Url-1 = {http://arjournals.annualreviews.org/doi/abs/10.1146/annurev.psych.48.1.163}}

@article{griffin2000,
	Author = {Griffin, Z.M. and Bock, K.},
	Date-Added = {2010-04-04 19:22:49 -0400},
	Date-Modified = {2010-04-04 19:24:00 -0400},
	Journal = {Psychological Science},
	Pages = {274--279},
	Publisher = {Blackwell Publishing},
	Title = {What the eyes say about speaking},
	Year = {2000}}

@article{griffin2001,
	Author = {Griffin, Z.M.},
	Date-Added = {2010-04-04 19:22:49 -0400},
	Date-Modified = {2010-04-04 19:24:00 -0400},
	Journal = {Cognition},
	Number = {1},
	Pages = {1--14},
	Publisher = {Elsevier},
	Title = {Gaze durations during speech reflect word selection and phonological encoding},
	Volume = {82},
	Year = {2001}}

@book{hastie2001,
	Address = {New York, NY},
	Author = {Hastie, T. and Tibshirani, R. and Friedman, J.},
	Date-Added = {2010-04-04 19:22:49 -0400},
	Date-Modified = {2010-04-04 19:24:00 -0400},
	Publisher = {Springer},
	Title = {The elements of statistical learning: data mining, inference, and prediction},
	Year = {2001}}

@article{hollich2000,
	Author = {Hollich, G.J. and Hirsh-Pasek, K. and Golinkoff, R.M.},
	Date-Added = {2010-04-04 19:22:49 -0400},
	Date-Modified = {2010-04-04 19:24:00 -0400},
	Journal = {Monographs of the Society for Research in Child Development},
	Number = {3},
	Publisher = {Blackwell Publishing; Society for Research in Child Development},
	Title = {Breaking the language barrier: An emergentist coalition model for the origins of word learning},
	Volume = {65},
	Year = {2000}}

@book{macwhinney2000,
	Address = {Mahwah, NJ},
	Author = {MacWhinney, B.},
	Date-Added = {2010-04-04 19:22:49 -0400},
	Date-Modified = {2010-04-04 20:04:36 -0400},
	Publisher = {Lawrence Erlbaum Associates},
	Title = {{The CHILDES Project: Tools for Analyzing Talk. Third Edition.}},
	Url = {http://books.google.com/books?hl=en&lr=&id=liXakW37ifQC&oi=fnd&pg=IA1&dq=childes+macwhinney&ots=onycIJhvjr&sig=xd_aVFOwYF4Y0StYGkznq6lF7rs},
	Year = {2000},
	Bdsk-Url-1 = {http://books.google.com/books?hl=en&lr=&id=liXakW37ifQC&oi=fnd&pg=IA1&dq=childes+macwhinney&ots=onycIJhvjr&sig=xd_aVFOwYF4Y0StYGkznq6lF7rs}}

@book{marr1982,
	Address = {New York, NY},
	Author = {Marr, D.},
	Date-Added = {2010-04-04 19:22:49 -0400},
	Date-Modified = {2010-04-04 19:24:00 -0400},
	Publisher = {Henry Holt and Co.},
	Title = {Vision: A computational investigation into the human representation and processing of visual information},
	Year = {1982}}

@article{merin2007,
	Author = {Merin, N. and Young, G.S. and Ozonoff, S. and Rogers, S.J.},
	Date-Added = {2010-04-04 19:22:49 -0400},
	Date-Modified = {2010-04-04 19:24:00 -0400},
	Journal = {Journal of Autism and Developmental Disorders},
	Number = {1},
	Pages = {108--121},
	Publisher = {Springer},
	Title = {Visual fixation patterns during reciprocal social interaction distinguish a subgroup of 6-month-old infants at-risk for autism from comparison infants},
	Volume = {37},
	Year = {2007}}

@book{ochs1988,
	Address = {Cambridge, UK},
	Author = {Ochs, E.},
	Date-Added = {2010-04-04 19:22:49 -0400},
	Date-Modified = {2010-04-04 19:24:00 -0400},
	Publisher = {Cambridge University Press},
	Title = {{Culture and language development: Language acquisition and language socialization in a Samoan village}},
	Year = {1988}}

@article{passonneau1997,
	Author = {Passonneau, R.J. and Litman, D.J.},
	Date-Added = {2010-04-04 19:22:49 -0400},
	Date-Modified = {2010-04-04 19:24:00 -0400},
	Journal = {Computational Linguistics},
	Pages = {103--139},
	Publisher = {MIT Press Cambridge, MA, USA},
	Title = {Discourse segmentation by human and automated means},
	Url = {http://portal.acm.org/citation.cfm?id=972684.972689},
	Volume = {23},
	Year = {1997},
	Bdsk-Url-1 = {http://portal.acm.org/citation.cfm?id=972684.972689}}

@book{pinker1989,
	Address = {Cambridge, MA},
	Author = {Pinker, S.},
	Date-Added = {2010-04-04 19:22:49 -0400},
	Date-Modified = {2010-04-04 19:24:00 -0400},
	Publisher = {MIT press},
	Title = {Learnability and cognition: The acquisition of argument structure},
	Year = {1989}}

@article{rabiner1989,
	Author = {Rabiner, LR},
	Date-Added = {2010-04-04 19:22:49 -0400},
	Date-Modified = {2010-04-04 19:24:00 -0400},
	Journal = {Proceedings of the IEEE},
	Pages = {257--286},
	Title = {{A tutorial on hidden Markov models and selected applications in speech recognition}},
	Url = {http://ieeexplore.ieee.org/xpls/abs_all.jsp?&arnumber=18626},
	Volume = {77},
	Year = {1989},
	Bdsk-Url-1 = {http://ieeexplore.ieee.org/xpls/abs_all.jsp?&arnumber=18626}}

@article{roy2002,
	Author = {Roy, D.K. and Pentland, A.P.},
	Date-Added = {2010-04-04 19:22:49 -0400},
	Date-Modified = {2010-04-04 19:24:00 -0400},
	Journal = {Cognitive Science},
	Pages = {113--146},
	Publisher = {Lawrence Earlbaum},
	Title = {Learning words from sights and sounds: a computational model},
	Url = {http://www.leaonline.com/doi/abs/10.1207/s15516709cog2601_4},
	Volume = {26},
	Year = {2002},
	Bdsk-Url-1 = {http://www.leaonline.com/doi/abs/10.1207/s15516709cog2601_4}}

@article{smith2010,
	Author = {Smith, K. and Smith, A. M. and Blythe, R. A.},
	Date-Added = {2010-04-04 19:22:49 -0400},
	Date-Modified = {2010-04-04 19:24:00 -0400},
	Journal = {Cognitive Science},
	Title = {Cross-situational word learning: mathematical and experimental approaches to understanding tolerance of referential uncertainty},
	Year = {in press}}

@article{smith2010b,
	Author = {Smith, L.B. and Yu, C. and Pereira, A.F.},
	Date-Added = {2010-04-04 19:22:49 -0400},
	Date-Modified = {2010-04-04 19:24:04 -0400},
	Journal = {Developmental Science},
	Title = {Not your mother's view: The dynamics of toddler visual experience},
	Year = {in press}}

@book{augustine397,
	Address = {New York, NY},
	Author = {{St. Augustine}},
	Date-Added = {2010-04-04 19:22:49 -0400},
	Date-Modified = {2010-04-04 20:36:10 -0400},
	Publisher = {Clarendon Press},
	Title = {{The Confessions of St. Augustine}},
	Year = {397/1963}}

@book{tomasello2003,
	Author = {Tomasello, M.},
	Date-Added = {2010-04-04 19:22:49 -0400},
	Date-Modified = {2013-02-18 16:31:16 +0000},
	Publisher = {Harvard University Press},
	Title = {Constructing a Language: A Usage-Based Theory of Language Acquisition},
	Year = {2003},
	Bdsk-Url-1 = {http://books.google.com/books?hl=en&lr=&id=K-b5Dl3MJR4C&oi=fnd&pg=PA1&dq=joint+attention+word+learning+m-tomasello&ots=WWwhcW6Wgm&sig=rBcdMNezT0r8m3WkaseKvZVW964}}

@inbook{tomasello2001,
	Address = {New York},
	Annote = {Describes one of the other theories of languae acquisition, the social theory, useful for background (what other mechanisms have been proposed to account for first language acquisition?)},
	Author = {Michael Tomasello},
	Booktitle = {Language Acquisition and Conceptual Development},
	Date-Added = {2010-04-04 19:22:49 -0400},
	Date-Modified = {2010-04-04 19:24:00 -0400},
	Pages = {132--159},
	Publisher = {Cambridge University Press},
	Title = {Perceiving intentions and learning words in the second year of life},
	Year = {2001}}

@book{wolf2006,
	Address = {Cambridge, MA},
	Author = {Wolf, F. and Gibson, E.},
	Date-Added = {2010-04-04 19:22:49 -0400},
	Date-Modified = {2010-04-04 19:24:00 -0400},
	Publisher = {MIT Press},
	Title = {Coherence in natural language: data structures and applications},
	Year = {2006}}

@article{wolf2005,
	Author = {Wolf, F. and Gibson, E.},
	Date-Added = {2010-04-04 19:22:49 -0400},
	Date-Modified = {2010-04-04 19:24:00 -0400},
	Journal = {Computational Linguistics},
	Pages = {249--287},
	Publisher = {MIT Press},
	Title = {Representing Discourse Coherence: A Corpus-Based Study},
	Url = {http://www.mitpressjournals.org/doi/abs/10.1162/0891201054223977},
	Volume = {31},
	Year = {2005},
	Bdsk-Url-1 = {http://www.mitpressjournals.org/doi/abs/10.1162/0891201054223977}}

@article{yoshida2008,
	Author = {Yoshida, H. and Smith, L.B.},
	Date-Added = {2010-04-04 19:22:49 -0400},
	Date-Modified = {2010-04-04 19:24:00 -0400},
	Journal = {Infancy},
	Pages = {229--248},
	Publisher = {Psychology Press},
	Title = {What's in View for Toddlers? Using a Head Camera to Study Visual Experience},
	Volume = {13},
	Year = {2008}}

@article{yu2007b,
	Author = {Yu, C. and Smith, L.B.},
	Date-Added = {2010-04-04 19:22:49 -0400},
	Date-Modified = {2010-04-04 19:24:12 -0400},
	Journal = {Psychological Science},
	Number = {5},
	Pages = {414--420},
	Publisher = {Citeseer},
	Title = {Rapid word learning under uncertainty via cross-situational statistics},
	Volume = {18},
	Year = {2007}}

@article{yu2007,
	Author = {Yu, C. and Ballard, D.H.},
	Date-Added = {2010-04-04 19:22:49 -0400},
	Date-Modified = {2010-04-04 19:24:00 -0400},
	Journal = {Neurocomputing},
	Pages = {2149--2165},
	Publisher = {Elsevier},
	Title = {A unified model of early word learning: Integrating statistical and social cues},
	Url = {http://linkinghub.elsevier.com/retrieve/pii/S092523120600508X},
	Volume = {70},
	Year = {2007},
	Bdsk-Url-1 = {http://linkinghub.elsevier.com/retrieve/pii/S092523120600508X}}
